3009 4909
248 374 315 443 wo
571 392 601 442 s.
623 388 805 441 suanosu
828 388 1022 441 sermons.

251 534 349 609 docet,
370 544 418 596 eat
437 534 540 617 lingua
561 534 736 614 sapiemium
757 534 948 605 literatorum,
969 552 1037 613 quas
1059 532 1222 615 phaleratis
1236 532 1341 594 dotata

251 633 446 707 sermonibus,
473 644 503 694 et
523 631 653 713 quodam
678 631 862 711 splendentis
881 630 993 710 eloquii
1009 631 1090 691 relat
1101 632 1208 693 coloris
1221 631 1342 711 pretiosi

250 748 374 791 cotusoo
388 729 545 801 resultans,
566 729 645 809 capit
659 729 823 789 animorum
835 728 940 789 oculos
960 728 1058 806 specie
1071 728 1202 799 formosi,
1215 730 1341 806 usuque

248 818 443 906 perstringit,d
482 824 542 887 Sed
556 830 658 888 aurum
671 824 729 886 boc
742 825 767 884 si
782 824 952 904 diligentins
962 844 1052 884 manu
1063 836 1182 893 tractes,
1192 826 1264 884 toris
1273 842 1339 903 pre-

250 922 344 995 tium,⁴
357 924 436 982 intus
457 923 607 983 metallum
629 933 686 983 est.
728 921 833 995 Volse,
856 941 971 1001 queso,
992 932 1081 1000 atque
1100 930 1207 981 excute
1227 931 1340 981 meum

251 1018 426 1097 gentilium:
452 1016 583 1097 pretiosa
607 1028 637 1077 et
662 1018 788 1097 grandia
810 1029 930 1091 sonant,
952 1018 1012 1077 veri
1034 1016 1134 1077 ell'oeta
1155 1016 1340 1104 defendunt:

253 1113 349 1175 Deum
363 1114 535 1193 loquuntur,
549 1114 737 1175 simulacrum
751 1114 888 1175 adorant.

292 1231 348 1271 ιιι.
369 1212 437 1272 Tria
450 1212 537 1291 igitur
552 1210 580 1271 in
596 1210 752 1273 Relatione
767 1212 875 1271 suanir
887 1208 1065 1271 clarissimus
1080 1208 1240 1269 Praefectus
1253 1206 1341 1267 Urbis

249 1306 412 1388 proposuit,
425 1326 493 1386 quos
506 1307 604 1368 valida
618 1308 739 1388 putavit.
784 1306 873 1377 Quod
896 1307 992 1365 Roma
1012 1317 1137 1377 veteres,
1158 1315 1191 1364 ut
1205 1304 1256 1373 ait,
1271 1323 1342 1364 suos

250 1403 348 1465 tultus
360 1400 498 1482 requirat,
519 1414 550 1464 et
563 1404 644 1482 quod
659 1404 869 1465 Sacerdotibus
880 1400 952 1474 suia,
970 1402 1198 1480 Virginibusque
1212 1400 1341 1460 Vestali·

250 1502 306 1559 bus
320 1498 516 1559 emolumenta
530 1500 685 1559 tribuenda
699 1500 768 1574 siut,
792 1510 822 1561 et
835 1499 916 1579 quod
929 1498 1133 1559 emolumentis
1148 1496 1342 1557 sacerdotum

251 1595 380 1675 negatis,
396 1595 487 1655 sames
502 1607 604 1655 secuta
615 1595 734 1676 publica
748 1597 798 1657 sit.

292 1710 340 1751 av.
364 1692 398 1751 ln
411 1690 505 1772 ptimo
516 1691 725 1771 propositione,
739 1692 830 1752 flebili
844 1692 942 1751 Rome
954 1702 1061 1772 questu
1071 1688 1215 1750 sermonis
1223 1686 1340 1767 illacry-

250 1794 321 1857 ruat,
335 1797 460 1858 veteres,
480 1797 513 1845 ut
526 1787 579 1859 sit,
592 1788 690 1847 cultus
703 1787 938 1847 ooenmoniarum
952 1787 1112 1866 requirens.
1154 1786 1231 1845 litae
1244 1802 1341 1854 soom,

250 1881 354 1960 inquit,
369 1880 585 1941 Hannibalem!
601 1900 619 1943 a
633 1884 788 1955 moenibus,
803 1902 822 1943 e
835 1882 985 1963 Capitolio
1005 1884 1140 1942 Senonm
1160 1882 1342 1961 repulerunt.

251 1976 355 2059 ltaque
377 1976 446 2037 dum
475 1996 623 2039 sacrorum
652 1980 786 2058 potentia
812 1979 1000 2059 predicatur,
1026 1979 1178 2038 infirmitas
1200 1976 1344 2057 proditur.

252 2076 330 2155 Ergo
346 2072 495 2134 Hannibal
518 2074 568 2134 diu
593 2076 684 2135 raons
709 2076 863 2138 insultavit
882 2076 1034 2147 Romanis,
1058 2085 1090 2135 et
1114 2074 1180 2135 Diis
1194 2084 1344 2134 contrusa

252 2170 460 2232 dimicantibus
480 2188 575 2248 usque
597 2168 635 2230 ad
658 2190 758 2231 muros
780 2171 860 2231 urbis
880 2170 1027 2231 vincendo
1047 2169 1190 2249 pervenit.
1233 2171 1295 2229 Cur
1310 2188 1344 2229 se

252 2265 378 2327 obsideri
394 2264 474 2344 passi
489 2275 568 2337 sunt,
588 2285 641 2344 pro
654 2254 763 2345 quibits
778 2266 908 2329 Deorum
922 2284 1042 2326 suorum
1055 2285 1137 2326 arma
1149 2265 1344 2345 pugnabant?

293 2382 324 2423 v.
348 2362 424 2420 Nam
439 2360 476 2421 de
491 2360 657 2421 Senonibus
672 2362 743 2442 quid
758 2362 873 2442 loquar,
884 2382 958 2442 quos
971 2361 1112 2440 Capitolii
1127 2373 1241 2422 secreta
1254 2380 1345 2441 pene·

251 2466 363 2518 trantes
392 2457 535 2516 Romanas
560 2457 690 2537 reliquias
712 2478 773 2518 nou
796 2460 944 2532 tulissent,
969 2459 1026 2519 uisi
1046 2478 1098 2519 eos
1128 2458 1237 2536 pavido
1258 2477 1346 2518 anser

252 2554 375 2633 strepitu
390 2551 593 2631 prodidisset?
625 2556 669 2615 En
684 2554 788 2633 quales
799 2556 909 2635 templa
921 2557 1057 2615 Romana
1067 2553 1211 2633 presules
1224 2553 1346 2613 babent.

254 2650 310 2708 Ubi
327 2660 398 2709 tuno
413 2660 476 2711 erat
488 2649 624 2729 Jupiter?
664 2651 710 2709 An
727 2652 757 2709 in
773 2671 877 2711 ansere
890 2649 1089 2730 loquebatur?

293 2764 340 2805 vr.
362 2746 470 2805 Verum
485 2744 557 2823 quid
571 2764 677 2825 negem
692 2766 841 2806 sacrorum
854 2748 928 2807 ritus
941 2746 1085 2806 militasse
1099 2744 1262 2806 Romanisl
1283 2744 1344 2808 Sed

251 2838 340 2899 etiam
355 2840 505 2899 Hannibal
519 2840 640 2901 eosdem
655 2842 737 2903 Deos
752 2844 881 2903 colebat.
925 2843 1029 2901 Utrum
1050 2841 1157 2902 solunt
1177 2841 1276 2919 igitur,
1292 2840 1346 2900 eli·

252 2947 334 3013 gant.
376 2934 407 2992 Si
429 2936 458 2993 in
483 2936 624 2996 Romanis
644 2940 777 2997 vicerunt
797 2958 893 3012 sacra,
914 2938 944 2996 in
965 2937 1250 3016 Carthaginensibus
1272 2955 1345 3015 ergo

249 3040 387 3111 superata
407 3040 492 3099 tants
522 3030 547 3091 si
568 3031 598 3091 in
622 3032 905 3113 Carthaginensibus
919 3032 1110 3111 triumphata,
1124 3050 1180 3091 neo
1196 3030 1341 3091 Romanis

253 3126 353 3205 utique
368 3124 553 3203 profuerunt.

293 3242 357 3282 vu.
381 3222 521 3281 Facessat
534 3221 623 3300 igitur
636 3221 783 3283 invidiosa
795 3222 849 3282 illa
860 3222 963 3306 populi
977 3222 1105 3283 Romani
1118 3222 1257 3302 querela:
1284 3240 1344 3283 uon

283 3378 296 3413 ὓ
314 3378 374 3429 Duo
393 3378 456 3431 Mas.
470 3380 544 3445 speeie
555 3378 668 3442 samsom,
682 3381 779 3443 obuqss
813 3376 860 3431 'res
871 3384 1043 3433 Romanorum
1063 3382 1216 3432 adduxisse:
1235 3382 1279 3446 qui
1291 3388 1348 3432 tsn-

249 3456 410 3521 psratrisgr'tt
436 3470 509 3519 nnus,
526 3458 604 3520 speeie
618 3457 779 3517 famositatis
819 3458 877 3509 dem
905 3460 1007 3524 Apulia
1027 3459 1127 3510 deliciis
1154 3458 1294 3520 emollitus,
1318 3466 1349 3509 et

251 3532 394 3595 mustuosis
402 3548 412 3591 ,·
430 3534 513 3583 ceteri
524 3539 551 3583 ot
563 3532 625 3583 adit.
635 3534 711 3597 specis
722 3534 778 3593 sor·
818 3534 893 3584 Fabii
912 3536 1075 3585 cunctatione
1092 3534 1255 3597 debilitatus,
1269 3534 1349 3584 ltalia

252 3608 321 3669 mosi,
332 3609 443 3671 amoses
462 3608 535 3659 Rom.
550 3609 655 3672 &mque
665 3609 779 3675 mutris-
818 3611 942 3661 recedere
953 3618 1060 3661 coactus
1070 3609 1131 3673 fnit,
1140 3626 1172 3660 ac
1183 3610 1349 3673 postmodum

251 3684 299 3747 ets.
818 3685 1098 3748 saciptonestricano
1113 3686 1268 3736 debellatus.
1301 3686 1348 3737 Ss-

283 3768 293 3794 ⁴
312 3758 381 3809 Foris
389 3760 498 3823 metim,
508 3757 608 3823 supple,
620 3758 737 3822 anriprn
750 3774 778 3810 ae
818 3774 898 3810 nones
916 3774 978 3809 vero
997 3775 1054 3810 oum
1072 3774 1087 3808 e
1107 3761 1208 3811 Celtica
1222 3760 1310 3831 Gallis
1320 3762 1348 3811 in

253 3834 315 3887 latt.
350 3836 420 3885 Intus
440 3836 566 3897 metallum,
594 3850 629 3885 as
649 3834 779 3901 videlicet,
818 3836 922 3886 Italiam
934 3836 1095 3898 transissent,
1113 3836 1204 3886 urbem
1212 3837 1295 3900 ipsam
1306 3852 1349 3886 ar·

252 3918 298 3961 sut
315 3908 428 3971 forrum,
447 3910 491 3959 nbi
509 3910 610 3974 generis
629 3924 720 3961 nomeu
733 3926 786 3976 pro
818 3910 867 3960 mis
885 3918 1021 3974 ceperunt,
1040 3918 1068 3961 st
1084 3910 1238 3976 Capitolium
1256 3912 1349 3962 delusa

252 3986 335 4035 viliori
345 3986 432 4049 specio
444 3984 554 4049 positum
568 3992 617 4035 ost.
819 4000 911 4038 cauum
924 3986 1040 4037 custodia
1054 3990 1216 4052 occupaturi,
1228 4002 1348 4040 anserum

280 4058 296 4101 s
304 4059 475 4111 Hannibalern
487 4060 722 4124 Carthaginensium
731 4062 778 4112 du·
819 4062 933 4126 gingritu
945 4060 1043 4111 detecti
1055 4069 1124 4127 sunt,
1139 4068 1168 4113 et
1178 4080 1193 4114 a
1204 4064 1303 4115 Manlio
1313 4063 1347 4115 ds

253 4148 309 4186 oem
331 4136 445 4185 Romano
464 4137 559 4200 popttlc
578 4134 778 4187 infensissimum
818 4136 1004 4203 Tarpeismpa
1015 4137 1122 4203 dejecti.

253 4222 328 4263 usuro
347 4210 429 4262 nascit
446 4212 473 4261 lu
492 4224 617 4262 summum
634 4212 777 4277 pericnlum
