3009 4909
242 369 307 436 &2
565 385 595 434 s.
617 381 797 432 sunnosrr
822 382 1015 434 srrsrous.

243 527 337 586 solum
351 524 494 585 habebam
507 541 662 597 commuue
674 543 742 584 cum
757 525 898 595 barbaris,
919 525 988 603 quia
1002 524 1099 586 Deum
1113 533 1203 586 autea
1215 521 1331 586 nescie-

240 623 320 680 bam.
363 619 540 680 Sacrificium
570 631 698 680 restrum
722 621 795 680 ritus
816 631 863 678 est
881 619 1044 683 ⁴bestiarum
1065 639 1168 681 cruore
1188 620 1331 701 respergi.

242 716 321 783 Quid
334 718 362 775 in
377 716 497 776 mortuis
512 714 673 795 pecudibus
683 716 813 794 quaeritis
825 716 881 775 Dei
896 716 1008 777 rouesi
1051 716 1166 788 Venite,
1180 727 1211 776 et
1221 715 1328 776 discite

241 811 365 873 interris
380 812 530 872 coelestem
543 811 674 872 militiam
689 831 696 870 :
718 812 766 871 hic
779 811 914 884 sivimus,
924 823 955 873 et
968 812 1029 874 illle
1044 812 1212 873 militamus.
1254 810 1330 870 Coeli

240 909 410 988 mysterium
424 906 531 968 doceat
545 927 590 968 me
604 908 686 968 Deus
700 909 775 987 Ipse,
794 909 845 986 qui
864 908 1017 976 condidit:
1044 927 1104 968 uon
1118 909 1219 980 bomo,
1231 910 1282 986 qui
1296 927 1329 967 se
1343 969 1347 977 ,

239 1005 336 1084 ipsum
349 1004 503 1082 ignoravit.
546 1005 601 1062 Cui
614 1005 709 1082 magis
723 1005 762 1064 de
777 1005 854 1076 Deo,
873 1023 962 1083 quam
986 1005 1052 1065 Deo
1065 1002 1208 1066 credam?
1247 1002 1330 1071 Quo-

226 1099 330 1170 ,modo
343 1119 464 1180 possum
482 1099 565 1160 vobis
589 1100 719 1172 credere,
741 1100 792 1179 qui
812 1100 944 1160 fatemini
958 1119 1010 1160 vos
1024 1101 1170 1180 ignorare,
1181 1097 1264 1178 quod
1278 1117 1329 1158 co·

241 1193 283 1252 l''
309 1195 322 1252 l

253 1205 363 1356 mino,
382 1291 460 1363 Uno,
481 1290 588 1368 inquit,
601 1291 704 1350 itInere
718 1290 862 1370 perveniri
881 1309 941 1350 uon
961 1296 1059 1369 potest
1079 1287 1117 1346 ad
1137 1298 1198 1347 tam
1217 1285 1331 1365 grande

240 1397 394 1446 secretum.
435 1385 524 1454 Quod
538 1403 590 1445 vos
604 1385 757 1464 ignoratis,
769 1385 802 1443 id
823 1403 878 1444 nos
892 1384 948 1444 Dei
961 1403 1034 1444 soce
1048 1383 1251 1462 cognovimus.
1291 1383 1330 1442 Et

239 1480 320 1560 quod
333 1500 386 1541 vos
407 1480 623 1560 suspicionibus
632 1480 780 1558 quaeritis,
794 1498 849 1540 nos
863 1499 900 1539 ex
912 1481 979 1558 Ipsa
998 1479 1151 1559 Sapientia
1165 1478 1222 1536 Dei
1236 1488 1268 1536 et
1281 1497 1331 1538 ve·

238 1577 324 1648 ritate
338 1587 519 1658 compertum
533 1577 687 1638 habemus.
731 1576 800 1636 Non
822 1587 990 1654 congruunt
1008 1574 1097 1654 igitur
1113 1583 1212 1633 vestra
1229 1574 1332 1634 nobis-

239 1692 316 1734 cum.
357 1673 418 1732 Vos
439 1691 542 1752 paoem
557 1672 621 1732 Diis
634 1673 740 1732 restris
762 1673 799 1731 ab
821 1671 1047 1750 Imperatoribus
1068 1669 1249 1730 obsecratis:
1275 1688 1330 1729 nos

239 1767 310 1847 ipsis
326 1769 554 1847 Imperatoribus
567 1787 585 1827 a
596 1768 714 1828 Christo
725 1787 828 1846 pacem
843 1786 993 1846 rogamus.
1034 1767 1095 1825 Vos
1109 1783 1248 1824 manuum
1263 1785 1331 1824 rese

237 1873 347 1930 trorum
362 1863 490 1924 adoratis
504 1882 613 1944 opera:
634 1883 689 1924 nos
703 1863 836 1941 injuriam
851 1863 987 1923 ducimus
1001 1881 1089 1922 omne
1101 1860 1182 1939 quod
1196 1859 1258 1920 fieri
1273 1879 1328 1939 po·

237 1965 307 2030 test,
319 1958 414 2018 Deum
428 1959 536 2038 putari.
578 1961 645 2019 Nou
661 1959 722 2019 vult
736 1978 769 2019 sc
785 1959 867 2018 Deus
880 1959 910 2017 iu
924 1958 1072 2037 lapidibus
1083 1957 1151 2017 coli.
1195 1957 1330 2035 Denique
1430 1969 1436 1982 '

238 2053 326 2114 etium
340 2053 395 2132 ipsi
410 2053 575 2134 philosophi
591 2056 677 2115 vestri
691 2055 748 2114 ista
762 2055 898 2114 riserunt.

280 2167 330 2206 rx.
351 2149 439 2216 Quod
454 2151 480 2210 si
495 2169 548 2210 vos
563 2149 630 2209 ideo
645 2150 795 2209 Christum
811 2151 906 2209 Deum
924 2150 1050 2229 negatis,
1071 2150 1141 2227 quia
1153 2148 1236 2208 illum
1251 2169 1329 2210 mor·

237 2252 320 2303 tuum
341 2263 406 2304 esse
427 2264 487 2304 uon
507 2244 651 2316 creditis,”
679 2245 811 2321 (nescitis
840 2246 917 2304 enIm
945 2245 1026 2323 quod
1048 2264 1125 2307 mors
1153 2245 1204 2304 illa
1232 2249 1329 2308 carnis

238 2337 333 2411 luerit,
348 2358 407 2398 non
419 2339 667 2418 divinitatis,quae
681 2341 750 2418 lecit
760 2351 793 2398 ut
803 2340 983 2401 credentium
994 2341 1056 2419 jam
1071 2360 1157 2400 nemo
1166 2343 1330 2420 moriatur,)

237 2434 308 2513 quid
322 2435 406 2494 robis
419 2435 632 2516 imprudentius
646 2435 696 2514 qui
711 2437 923 2496 contumeliose
938 2437 1044 2509 colitis,
1057 2448 1089 2497 et
1101 2437 1261 2498 honorifice
1276 2439 1329 2498 de·

235 2529 370 2609 rogatis?
390 2540 518 2592 restrum
539 2530 617 2590 enim
639 2530 736 2590 Deum
763 2532 874 2610 lignum
896 2533 1017 2610 putatis.
1060 2532 1086 2590 Ο
1112 2533 1326 2594 contumeIIosa

235 2625 416 2686 reverentia!
459 2625 610 2686 Christum
625 2628 697 2688 mori
717 2629 849 2707 potuisse
869 2645 928 2686 non
950 2627 1081 2688 creditis.
1123 2627 1329 2690 Ohonorifica

235 2721 417 2798 pervicacIa!
729 2729 740 2756 ⁸

277 2836 311 2877 x.
333 2817 394 2876 Sed
408 2824 515 2889 vetera,
531 2817 634 2896 inquit,
656 2818 811 2880 reddenda
831 2831 901 2880 runt
920 2821 1024 2880 altaria
1045 2820 1218 2892 simulacris,
1241 2839 1328 2880 orna·

235 2920 335 2970 menta
348 2910 487 2970 delubris.
509 2912 715 2990 Reposcuntur
727 2914 792 2973 haec
804 2929 967 2976 aconsorte
979 2915 1205 2998 superstitionis.
1227 2915 1329 2974 Chris·

233 3006 332 3066 tianus
348 3009 506 3086 Imperator
527 3026 606 3067 aram
622 3009 712 3068 solius
728 3009 836 3069 Christi
850 3009 955 3070 didicit
967 3010 1121 3070 honorare.
1164 3009 1244 3077 Quid
1266 3029 1328 3069 ma-

233 3121 290 3162 nus
310 3104 375 3182 pias
395 3115 427 3162 et
447 3122 499 3162 ora
518 3101 616 3162 fidelia
635 3104 825 3166 ministerium
847 3106 910 3165 suis
933 3117 1046 3185 cogunt
1065 3105 1225 3184 sacrilegiis
1245 3105 1328 3166 exhi·

233 3201 341 3260 beret⁰
383 3201 449 3258 Vox
464 3200 650 3278 Imperatoris
663 3201 757 3259 nostri
772 3201 919 3260 Christum
934 3211 1061 3271 resonet,
1075 3211 1107 3260 et
1123 3200 1205 3260 illurn
1220 3200 1328 3274 soluru,

233 3315 320 3374 quern
335 3296 434 3365 sentit,
447 3293 594 3372 loquatur,
615 3295 703 3373 ‘quia
722 3314 774 3355 cor
787 3297 865 3375 regis
883 3297 913 3354 in
928 3315 1017 3354 manu
1032 3296 1111 3354 uei!
1130 3295 1232 3372 (Prov.
1248 3315 1326 3357 xxr.

227 3393 277 3466 I.)
319 3387 469 3468 Numquid
486 3390 645 3469 Imperator
659 3393 774 3470 gentilis
789 3411 870 3452 uram
884 3391 1002 3451 Christo
1024 3391 1153 3451 levarit?
1193 3392 1274 3450 Dum
1288 3411 1325 3456 ea

232 3506 300 3565 quar
313 3487 434 3546 luerunt
447 3495 615 3562 reposcunt,
641 3488 776 3567 exemplo
797 3508 852 3549 suo
872 3473 1043 3561 admonent,
1064 3495 1208 3566 quantum
1222 3486 1324 3546 Chris-

231 3581 304 3639 tiani
318 3582 512 3660 Imperatores
527 3581 671 3660 religioni,
686 3602 773 3661 quam
789 3594 961 3662 sequuntur,
975 3583 1105 3643 debeant
1117 3581 1230 3642 deferre
1243 3601 1328 3642 resc-

234 3675 353 3744 reutioer
376 3673 494 3755 quando
506 3677 632 3755 gentiles
644 3679 899 3764 superstitionibus
910 3679 972 3738 suis
985 3678 1085 3738 omnia
1098 3676 1275 3738 detulerunt.

272 3792 322 3832 ιιι.
344 3771 465 3830 Dudum
480 3771 631 3852 coepimus,
655 3773 762 3852 etjam
783 3783 945 3852 sequuntur
965 3771 1137 3833 exclusust
1178 3773 1241 3833 Nos
1256 3791 1324 3831 san-

230 3869 318 3946 guine
336 3867 504 3946 gloriamur,
516 3867 583 3928 illos
598 3868 784 3948 dispendium
799 3881 907 3928 movet.
949 3869 1014 3928 Nos
1028 3868 1093 3928 hoec
1106 3869 1235 3928 victorioe
1256 3870 1323 3928 loco

231 3962 376 4034 ducimus,
390 3962 432 4022 illi
449 3963 584 4043 injuriam
598 3974 713 4045 putant.
757 3967 917 4044 Nunquam
936 3965 1021 4024 nobis
1042 3964 1168 4042 amplius
1187 3965 1322 4025 coutule-

261 4115 275 4138 ¹⁸
292 4107 415 4158 Nonnulli
426 4109 489 4159 bles.
499 4115 615 4158 mortuam
626 4121 673 4159 esra
681 4109 756 4158 credi-
798 4109 921 4158 ctra'rtsm
930 4109 990 4157 mori
998 4109 1101 4172 potuim
1112 4123 1158 4158 ern
1167 4109 1274 4158 creditis.

230 4181 280 4240 tia,
297 4182 387 4246 reliqui
404 4189 432 4232 et
445 4198 532 4234 ourner
543 4185 607 4235 edit.
618 4201 663 4234 noa
680 4187 756 4234 medi-
827 4192 838 4216 ⁶
856 4184 964 4233 Pauculi
976 4184 1040 4233 Μιι.
1051 4185 1175 4248 merefeth
1186 4185 1303 4236 ntum.

230 4255 270 4305 tir.
316 4256 420 4321 Mettus,
441 4265 471 4308 ut
493 4257 589 4310 docent
611 4259 756 4323 aequantia,
825 4258 991 4310 rvmedir.
1004 4259 1325 4324 Dmmtmnuqsarrsr
