3009 4909
235 335 302 401 696
556 351 584 396 s.
606 343 784 394 nunnosrr
812 341 1004 394 nrrsroua.

234 493 370 571 prodigia
383 501 534 562 terrarum,
548 508 616 567 quoe
631 505 781 566 nunquam
795 496 864 546 aute
877 485 1059 557 acciderant,
1073 505 1139 545 curu
1155 489 1327 566 superstitio

236 588 354 666 gentilis
366 597 428 646 toto
443 587 512 646 orbe
522 583 668 646 ferveret?
710 585 825 642 Revera
834 582 953 663 quando
966 592 1034 641 ante
1047 582 1147 641 vacuis
1162 584 1261 643 avenis
1276 605 1323 644 ee·

237 704 288 761 ges
316 684 394 743 avari
418 694 487 741 vota
509 675 598 741 luaits
617 680 765 758 agricolae,
788 689 819 738 et
837 697 919 756 spem
940 678 1057 737 runticae
1079 677 1174 756 plebia
1196 679 1324 756 quantita

237 779 327 839 sulcis
341 777 433 856 frugis
446 777 537 837 herba
550 773 707 834 destituit?

279 893 354 932 xrx.
386 873 424 932 Et
453 871 533 932 unde
564 871 678 930 Graecia
709 869 829 931 oracula
854 868 974 930 habitas
1004 889 1066 929 nuoe
1096 888 1232 948 quercus,
1266 870 1323 930 uici

236 971 305 1048 quia
318 969 478 1030 remedium
493 968 644 1048 sylvestris
665 966 810 1027 alimoniae
824 966 952 1025 coeleetie
973 964 1121 1044 religionis
1136 964 1247 1024 donum
1267 969 1322 1044 pu2

236 1065 360 1124 tnruntl
401 1064 484 1124 Talia
495 1063 572 1123 enirn
586 1081 703 1123 suorum
715 1079 837 1122 munera
850 1059 975 1121 credunt
987 1059 1126 1121 Deorum.
1168 1061 1243 1130 Quin
1259 1063 1322 1124 Do-

237 1160 359 1221 donaeas
374 1161 492 1220 arborea
506 1160 563 1219 nisi
574 1159 704 1238 gentium
714 1158 839 1236 populus
850 1156 997 1225 adorarit;
1010 1176 1077 1216 cum
1088 1155 1227 1236 pabulum
1239 1158 1325 1220 triete
1387 1183 1390 1186 ·

239 1257 301 1334 agri
316 1253 483 1316 nemorum²
496 1255 607 1316 honore
628 1253 774 1314 donaret?
815 1253 883 1313 Non
895 1265 943 1312 cst
955 1252 1120 1324 verisimile,
1130 1253 1211 1330 quod
1224 1254 1323 1334 indig-

237 1362 343 1412 nantes
363 1371 463 1412 eorum
482 1351 529 1410 Dii
550 1350 581 1410 id
601 1369 655 1429 pro
670 1369 758 1430 poena
777 1349 938 1423 intulerint,
961 1347 1042 1428 quod
1061 1348 1197 1409 nolebant
1215 1350 1324 1431 placati

236 1448 366 1509 conferre
379 1467 432 1525 pro
446 1466 574 1507 munere.

276 1564 336 1603 xx.
358 1543 433 1612 Quoe
448 1553 544 1602 autem
566 1542 702 1622 aequitas,
716 1553 749 1602 ut
764 1543 865 1622 paucio
885 1541 1094 1602 Sacerdotibus
1110 1539 1321 1602 dolenteo‘vic·

235 1651 296 1699 tum
312 1649 464 1719 negatum,
484 1638 541 1719 ipsi
561 1639 695 1699 omnibus
716 1638 913 1718 denegareut;
934 1657 1002 1697 curn
1021 1636 1223 1697 inclementior
1242 1651 1323 1698 estet

233 1735 374 1806 vindicta,
387 1753 475 1813 quam
489 1733 598 1814 culpa?
639 1734 707 1794 Non
721 1744 768 1793 ert
781 1733 870 1812 igitur
889 1732 1006 1806 idonea,
1026 1753 1094 1811 quae
1108 1743 1221 1792 mntem
1235 1736 1320 1814 regri·

234 1830 366 1910 tudinem
381 1829 484 1889 mundi
494 1829 624 1890 fallentis
634 1849 726 1890 causa
736 1829 951 1902 constrinxerit,
960 1840 994 1888 ut
1001 1829 1161 1889 virentibus
1170 1831 1320 1908 segetibus

236 1926 333 1986 subita
347 1945 416 2004 apes
431 1925 500 1984 nuni
515 1926 617 1986 adulta
631 1936 801 1987 moreretur.

277 2041 353 2080 xxr.
375 2022 413 2080 Et
433 2031 511 2082 certe
532 2032 600 2082 ante
620 2021 761 2101 plurimos
783 2041 878 2081 annon
899 2021 1072 2100 templorum
1086 2022 1156 2100 jura
1175 2033 1239 2082 toto
1252 2024 1321 2082 orbe

234 2118 352 2178 sublata
376 2127 463 2177 sunt:
494 2117 621 2178 modone
644 2117 763 2178 demum
785 2115 851 2176 Diia
868 2116 1027 2196 gentilibus
1048 2117 1126 2176 venit
1147 2117 1177 2175 in
1192 2130 1320 2178 mentem

235 2233 304 2273 enar
319 2213 437 2292 injurias
452 2213 545 2271 ultum
558 2212 621 2272 ire?
664 2213 822 2292 Propterea
835 2231 890 2272 nec
904 2221 1025 2272 assueto
1038 2231 1125 2272 cursu
1142 2213 1226 2273 Nilus
1242 2215 1319 2272 intu-

234 2309 318 2382 muit,
340 2319 374 2368 ut
392 2301 569 2368 urbicorum*
595 2309 788 2369 Sacerdotum
811 2307 970 2388 dirpeudia
990 2306 1160 2380 vindicaret,
1184 2310 1235 2387 qui
1260 2329 1320 2370 nou

232 2403 395 2466 vindicavit
407 2403 549 2464 suorum?

276 2521 366 2562 xxrr.
392 2499 463 2560 Esto
478 2511 576 2560 tamen
591 2503 615 2560 si
635 2495 784 2580 'superiore
804 2521 883 2562 anno
906 2501 1035 2561 Deorum
1062 2521 1181 2562 suorum
1201 2500 1319 2580 iujurias

233 2597 396 2657 vindicatas
411 2605 526 2676 putant,
539 2617 591 2656 cur
605 2599 742 2676 praesenti
758 2618 836 2657 anno
845 2597 1006 2658 contemtui
1020 2596 1123 2657 luere?
1163 2597 1231 2657 lam
1242 2597 1320 2656 enim

235 2711 289 2752 uec
304 2692 458 2752 herbarum
474 2693 564 2754 vultis
579 2693 726 2754 radicibus
740 2695 890 2754 rusticana
902 2693 985 2773 plebe
999 2693 1137 2772 pascitur,
1151 2711 1207 2752 nec
1220 2695 1320 2754 bucce

234 2787 383 2866 sylvestris
410 2789 544 2866 explorat
570 2789 685 2860 solatia,
707 2810 764 2849 nec
786 2790 883 2852 cibum
906 2790 944 2849 de
965 2788 1098 2849 centibus
1119 2787 1232 2866 rapit3¹¹
1265 2789 1325 2848 aed·

235 2901 355 2962 operum
374 2881 444 2942 laeta
457 2883 594 2957 felicium,
608 2884 678 2944 dum
698 2905 809 2945 messes
825 2905 893 2945 uuas
914 2895 945 2945 et
964 2885 1029 2963 ipsa
1048 2885 1179 2957 miratur,
1193 2885 1320 2964 explevit

234 2977 293 3038 voti
305 2978 440 3039 satietate
449 2978 604 3058 jejunium,
627 2983 774 3042 usurarios
789 2982 872 3042 nobie
886 2980 1015 3041 reddidit
1029 2992 1105 3040 terra
1118 2993 1287 3059 proventus.

277 3093 384 3135 xxm.
406 3075 480 3142 Quis
508 3095 579 3155 ergo
600 3087 657 3136 tarn
687 3098 781 3138 norun
801 3078 936 3157 humanit
965 3075 1066 3136 unibus
1093 3075 1173 3136 vicen
1200 3088 1319 3156 stupeat

236 3169 400 3230 annorum?
441 3171 480 3230 Et
505 3182 601 3232 tamen
633 3174 720 3232 etiam
742 3173 889 3253 superiore
910 3191 988 3232 anno
1008 3171 1164 3249 pleraeque
1184 3172 1318 3232 norimus

234 3267 399 3346 provinciae
419 3266 602 3330 redundante
623 3269 775 3330 fructibus.
819 3270 866 3332 De
887 3268 992 3328 Galliis
1013 3267 1083 3346 quid
1103 3267 1206 3345 loquar
1229 3269 1317 3330 solito

258 3469 275 3511 s
288 3471 359 3536 virg.
371 3474 389 3523 1.
405 3489 427 3524 c.
443 3474 452 3503 ‘
460 3475 607 3540 Expectata
622 3491 696 3542 regen
712 3491 755 3528 ra·
827 3475 840 3508 ⁸
856 3479 953 3528 Onncu
972 3475 1036 3526 edit.
1052 3478 1162 3541 palatur
1175 3480 1245 3530 triete
1257 3481 1320 3530 oneri

232 3545 489 3604 crrireluaitnrenia!
793 3554 895 3602 onom
901 3567 912 3610 ;
928 3565 1017 3601 omnen
1028 3553 1091 3602 blot.
1102 3561 1131 3603 ut
1141 3569 1186 3604 noa
1197 3557 1223 3604 in
1233 3564 1317 3607 textu.

261 3621 335 3673 'lta
346 3623 409 3674 Mar.
422 3625 757 3679 edit.antcmoruerrtnbobt·
827 3627 1071 3680 ‘Quemadmodum
1090 3631 1172 3680 Roma
1186 3643 1317 3696 peranto·

229 3703 270 3748 ta.
302 3699 399 3766 Utique
415 3703 533 3767 cxvirg.
549 3705 647 3769 Georg.
664 3719 695 3756 rr.
710 3707 755 3757 ubi
794 3705 933 3755 nomnium
948 3704 1074 3763 Urba‚ita
1090 3714 1120 3755 et
1133 3707 1317 3759 RomanoaSa·

229 3774 340 3839 legitur:
359 3778 438 3842 Atque
453 3778 540 3828 tutuo
560 3781 644 3830 Grnt'r't
661 3785 755 3832 oraculo
794 3779 914 3830 cerdotea
928 3780 1045 3830 hocloco
1056 3783 1158 3833 urbicou
1169 3783 1316 3835 vocatAm·

175 3873 177 3878 ·
229 3865 334 3912 quocun
365 3853 408 3902 De
428 3853 566 3906 Dodouaeir
584 3871 659 3920 porro
677 3872 753 3923 quer·
794 3856 902 3907 brorinu.

228 3926 308 3976 cubuc
319 3929 360 3978 tric
371 3929 412 3992 agi
421 3937 532 3993 constat,
542 3931 575 3981 de
584 3932 676 3996 quibua
688 3947 753 3997 pra-
825 3931 838 3967 ⁸
855 3934 979 3984 Nonnulli
990 3936 1055 3986 Mna.
1065 3951 1107 3987 noc
1119 3937 1186 3988 cibat
1198 3940 1228 3988 de
1242 3941 1316 3990 mtt-

229 4006 270 4050 ter
294 4004 395 4068 Virgilii
416 4006 638 4057 Commentatorer
659 4007 693 4057 ad
716 4023 753 4061 rr.
794 4009 916 4074 burnptt.
939 4007 1317 4082 Sequentlauternrcntuprr·

228 4074 274 4124 uit.
295 4079 429 4130 contulere
446 4081 524 4132 etium
540 4083 603 4134 licet
620 4085 753 4140 &armum
794 4086 852 4135 uuir
868 4094 953 4137 erton
968 4089 1013 4138 illo
1023 4089 1094 4153 virg.
1107 4103 1128 4140 r.
1139 4089 1237 4156 θοοῖς.
1262 4095 1317 4144 ‘Et

229 4149 294 4202 chit.
304 4165 324 4204 1.
336 4154 410 4206 cent
420 4169 442 4207 1.
452 4155 587 4222 Adugiot.
794 4164 851 4228 ipra
861 4179 919 4217 unua
930 4166 1056 4219 mirantur
1071 4167 1190 4234 Gargara
1204 4171 1318 4223 metm?
