3009 4909
491 369 520 421 s.
541 367 722 420 suasosrr
746 368 939 420 nrrsrous.
1199 355 1264 422 689
1324 394 1331 404 -

168 511 257 570 &nm
270 508 443 588 perveniret.
486 509 543 570 Prn
556 510 773 572 existimatione
782 519 831 572 est
842 521 1007 589 temporum
1018 509 1213 589 superiorum,
1227 522 1260 572 ut

171 625 229 666 non
243 605 385 667 dubitetis
398 606 526 680 abolere,
539 605 619 685 quod
632 608 787 686 probatum
799 616 846 668 est
858 606 997 687 principis
1010 624 1071 667 non
1084 606 1187 668 inisse.

210 997 454 1091 SANcrl
505 999 841 1091 AMBROSII
894 997 1224 1092 EPISTOLA

412 1149 416 1160 ⁸
453 1203 521 1270 Ao
545 1204 971 1271 vrusuurrrrnrrurr.

163 1386 193 1437 S.
203 1385 344 1438 Ansnosrr
355 1389 474 1452 Epistola
484 1389 517 1440 ad
528 1389 748 1452 Valentinianum,
766 1392 866 1455 scripta
876 1405 919 1442 ιιι.
930 1395 986 1442 tet.
1001 1391 1028 1440 in
1046 1389 1111 1440 edit.
1123 1389 1256 1441 Maurico·

199 1481 255 1518 rnrn
284 1469 374 1518 venet.
402 1474 475 1520 ml.
497 1471 592 1520 clatris
612 1485 631 1520 r.
656 1470 758 1522 decime
778 1478 881 1532 octava,
898 1485 950 1535 qua
966 1469 1094 1520 Relationi
1110 1469 1257 1533 Symmachi

198 1547 356 1611 retpondct3
372 1563 404 1598 ec
420 1556 479 1613 port
495 1550 657 1600 conciliatam
674 1551 723 1599 rilri
740 1549 917 1600 Valentiniani
934 1549 1149 1610 benevolentium,
1165 1550 1214 1598 tria
1230 1550 1256 1598 in

198 1627 288 1676 eedem
297 1629 433 1678 Relatioue
443 1629 574 1694 precipue
587 1629 674 1693 capita
687 1629 844 1694 aggreditur.
863 1630 929 1680 Nam
941 1627 1138 1694 prosopopoeioe,
1147 1628 1257 1692 quaRo-

197 1721 240 1754 mn
251 1707 351 1770 priscos
366 1723 425 1757 auor
441 1709 505 1760 ritm
523 1722 629 1772 poscere
646 1707 802 1772 fingebatur,
819 1709 870 1759 alia
886 1708 1001 1772 ejusdem
1020 1710 1109 1758 Romae
1126 1708 1256 1758 contrarie

196 1784 361 1849 efflagitanti·
383 1787 532 1853 opponitur,
551 1803 610 1840 curn
628 1789 777 1838 Vestalibus
796 1796 824 1839 et
840 1789 988 1840 mcridcalir
1007 1789 1217 1852 Virginersacrm
1228 1795 1257 1839 ct

196 1865 294 1917 Christi
304 1867 459 1918 Sacerdotes
467 1874 661 1932 comparantur,
668 1882 699 1918 ac
711 1867 816 1918 tandem
826 1867 895 1933 quod
906 1867 1020 1920 sublatas
1028 1868 1085 1918 illm
1093 1867 1257 1918 corlmouine

196 1944 291 1996 lumem
302 1947 383 1998 ultam
393 1945 473 1998 Iniere
489 1946 671 2012 dictitabatur,
688 1947 716 1998 id
736 1961 828 1998 vanum
840 1962 897 2000 aare
910 1948 1086 2000 invictirrimis
1098 1947 1256 2012 argumentir

195 2027 396 2078 demonstrator.
504 2063 508 2073 .

465 2141 700 2203 AMBROSIUS
728 2142 951 2204 EPISCOPUS

482 2237 726 2299 BEATISSIMO
747 2237 935 2297 PRINCIPI

338 2333 388 2392 ET
414 2333 750 2394 CEEMENTISSIMO
779 2331 1034 2394 IMPERATORI

453 2429 761 2490 VALENTINIANO
788 2429 963 2490 AUGUST.

203 2573 228 2616 1·
250 2547 336 2620 Curr
350 2556 393 2616 rir
412 2557 609 2619 clarissimus·
629 2558 792 2619 Praefectus
813 2557 902 2618 Urbis
921 2553 1114 2637 Symmachus
1134 2553 1173 2614 ari
1190 2555 1252 2614 cle·
1274 2621 1280 2631 ,

160 2651 303 2710 mentiarn
317 2663 397 2714 tuam
418 2655 577 2728 retulisset,
598 2665 632 2715 ut
648 2655 718 2728 Ara,
733 2675 802 2734 quae
816 2653 854 2713 de
869 2653 954 2712 Urbia
968 2653 1072 2711 Romm
1085 2650 1166 2712 ouria
1181 2651 1250 2709 sub·

159 2745 223 2804 lata
241 2745 345 2821 luerat,
361 2747 530 2810 redderetur
543 2749 627 2819 loeo:
652 2759 682 2810 et
705 2759 748 2823 lu,
765 2751 936 2828 Imperator,
957 2749 1027 2808 lieet
1039 2747 1137 2806 adhuc
1151 2747 1182 2806 iu
1196 2748 1251 2806 mi·

159 2839 241 2898 noris
262 2841 318 2900 mvi
341 2841 473 2902 tirocinio
493 2843 665 2904 florentibus
688 2864 782 2904 novus
807 2845 902 2916 annis,
922 2841 991 2902 fidei
1020 2852 1118 2902 tamen
1145 2843 1253 2902 virtute

155 2946 327 3006 ⁷veteranus,
340 2938 494 2998 obsecrato
511 2940 662 3018 gentilium
677 2942 902 3020 nonprobares;
917 2938 1030 3010 eodem,
1042 2958 1102 3018 quo
1112 2939 1250 3018 comperi,

159 3041 273 3108 puncto
293 3031 422 3092 libellum
444 3034 553 3094 obtuli:
577 3054 637 3113 quo
657 3035 725 3096 licet
748 3033 1029 3114 comprehenderim,
1042 3053 1111 3111 qum
1126 3053 1250 3112 sugges·
1274 3063 1283 3115 3

158 3127 233 3187 tloni
247 3129 415 3189 necessaria
428 3127 612 3198 riderentur;
633 3131 756 3212 poposci
770 3142 870 3191 tamen
887 3131 1052 3211 exemplum
1070 3129 1141 3188 milri
1161 3129 1249 3190 Rele-
1276 3143 1282 3152 ·

158 3221 248 3282 tionis
264 3223 338 3283 dari.

199 3337 240 3377 rr.
264 3319 367 3398 ltaque
388 3339 448 3378 non
471 3320 540 3382 fidei
559 3331 618 3382 tum
638 3321 806 3402 ambiguus,
827 3321 881 3384 sed
894 3321 1033 3402 providus
1047 3319 1204 3392 cantionis,
1218 3328 1249 3380 et

156 3413 198 3492 pii
212 3421 311 3474 certos
325 3416 479 3488 examinis,
503 3417 560 3478 hoo
579 3437 712 3480 sermone
726 3419 889 3480 Relationis
903 3417 1059 3480 assertioni
1072 3415 1249 3496 respondeo,

157 3509 215 3569 hoo
230 3527 321 3568 onum
343 3521 458 3590 petens,
479 3523 513 3572 ut
534 3532 594 3573 non
617 3515 773 3575 verborum
796 3514 985 3594 elegantiam,
1008 3513 1062 3573 sed
1081 3514 1140 3573 clm
1152 3531 1249 3572 rerum

158 3605 355 3684 spectandam
391 3610 501 3686 puter!
565 3609 664 3670 Aurea
696 3612 785 3684 enim,
826 3610 902 3671 sicut
941 3610 1093 3691 Scriptura
1128 3608 1250 3668 diriun‘

188 3793 201 3816 ·
217 3783 460 3835 'Virclarisrimns’
471 3799 522 3835 non
533 3787 684 3836 tamhouori
755 3785 767 3820 ὓ
782 3787 856 3838 Rom.
878 3787 943 3838 edit.
968 3789 1141 3851 corrodendum
1159 3791 1246 3848 puter,-

155 3874 273 3925 perronae
296 3861 429 3924 tribuitur,
450 3876 526 3926 quern
548 3862 683 3926 dignitatis
715 3863 828 3936 'reliqum
851 3879 882 3914 ac
900 3865 965 3914 illm.
986 3865 1152 3926 expectendum
1169 3865 1248 3923 puter,
1369 3920 1373 3928 .

156 3937 248 3987 titulus
258 3951 289 3987 ae
299 3937 455 4001 significatio
466 3944 516 3998 ert,
527 3944 557 3988 nt
569 3939 626 4001 jem
637 3937 682 3988 all·
722 3953 774 3989 nno
785 3939 846 3990 Vct.
865 3939 923 3990 cod.
943 3948 1064 4004 excepto,
1080 3939 1124 3989 ubi
1138 3941 1248 4001 expeter-

156 4010 216 4060 cubl
242 4011 443 4064 observavimus.
476 4013 528 4064 Adi
549 4015 639 4075 etiarn,
660 4015 682 4064 ri
721 4016 785 4064 dorm

155 4091 239 4144 vacet,
259 4077 359 4138 Alciatl'
376 4087 420 4138 lib.
442 4102 485 4139 rrr.
512 4089 680 4155 Disponctio·
753 4089 852 4141 ‘Ecol
862 4102 900 4140 vr.
911 4093 949 4139 ll.

156 4175 224 4212 oona

221 4241 309 4304 num.
321 4248 346 4293 el
360 4241 416 4292 Ver.
426 4241 490 4292 ctu.
647 4245 764 4296 Pnuerr.
1126 4249 1141 4295 2
1158 4246 1183 4295 Χ
