3009 4909
472 415 502 464 s.
525 413 706 464 srrseosu
732 411 925 464 srrsrons.
1196 399 1262 462 llll?

177 555 353 618 ditioribus?
394 555 583 618 Frumentum
597 557 759 618 Penuonire
779 557 859 637 quod
880 575 940 616 non
961 563 1106 625 sererent,
1120 552 1260 614 vendide-

177 664 265 714 runt..
296 652 334 714 Et
355 652 485 714 secunde
506 649 626 713 Rhetie²
651 653 810 714 fertilitatis
830 673 891 712 sune
915 650 997 711 norit
1018 648 1171 718 iuvidiemt
1192 668 1261 709 nem

176 769 243 826 quae
257 747 371 809 solebat
385 749 473 808 tutior
485 767 550 808 esse
559 749 682 827 jejunio,
698 747 1012 809 loecunditetebostem
1022 747 1051 805 in
1062 746 1261 808 seexciterit:

176 843 320 922 Ligurium
335 843 532 922 Venetiesque
546 845 687 903 Autumni
701 843 846 903 frumento
857 851 1009 922 paverunt.
1052 844 1131 920 Ergo
1144 861 1200 902 nee
1212 842 1261 902 ille

177 939 330 1018 sacrilegio
350 957 446 998 annus
469 941 591 1012 exaruit,
615 948 646 999 et
669 939 724 1000 iste
744 939 813 999 fidei
836 939 977 998 fructibus
1002 956 1097 996 eunus
1124 937 1260 998 effloruit.

177 1034 297 1113 Negent
316 1035 404 1094 etiem
418 1034 497 1112 quod
519 1034 602 1112 largo
622 1035 693 1095 loetu
714 1035 809 1095 vinee
831 1032 1065 1095 redundaverint.
1108 1032 1210 1111 lteqne
1231 1043 1262 1091 et

176 1149 302 1190 messem
321 1131 492 1190 loeneretem
511 1129 685 1209 recepimus,
703 1141 734 1190 et
757 1129 928 1190 liberalioris
947 1127 1103 1189 vindemies
1123 1127 1263 1190 beneficis
1324 1162 1329 1170 ·

176 1225 373 1306 possidemus.

219 1343 318 1382 xxrv.
339 1322 509 1383 Postremus
533 1335 666 1404 superest
689 1335 720 1384 ct
742 1322 884 1385 iussimus
906 1324 1000 1397 locus,
1020 1333 1117 1384 utrum
1141 1341 1177 1382 ee
1193 1342 1262 1401 quei

175 1418 259 1477 robis
278 1419 451 1497 proluerint,
473 1420 679 1499 imperotores,
699 1419 852 1481 restituere
877 1420 1010 1482 subsidia
1030 1418 1172 1480 debeetis.
1214 1416 1262 1477 Ait

176 1512 274 1572 enim:
305 1513 367 1572 Vos
395 1512 566 1586 defendent,
592 1535 610 1574 e
637 1517 722 1576 nobis
748 1516 892 1576 colentur.
933 1517 999 1580 lloe
1022 1525 1079 1589 est,
1098 1513 1263 1574 fidelissimi

177 1608 338 1688 Principes,
352 1608 432 1688 quod
445 1610 520 1670 t'erre
534 1621 592 1669 non
608 1630 782 1690 possumusr
797 1612 867 1691 quie
879 1614 1058 1692 exprobrent
1070 1610 1155 1671 nobis
1164 1617 1262 1670 restro

175 1723 208 1764 se
221 1705 340 1764 nomine
361 1704 425 1764 Diis
439 1707 500 1765 suis
516 1707 692 1786 supplicare,
707 1717 738 1766 et
751 1708 834 1766 robis
849 1726 910 1767 non
922 1705 1128 1767 mandentibus
1142 1704 1261 1765 secriles

176 1801 257 1878 ςὶιιιιι
271 1801 397 1861 immane
411 1802 607 1875 committunt,
619 1801 883 1862 dissimuletionem
895 1821 949 1882 pro
963 1819 1109 1862 consensu
1122 1799 1262 1878 interpre-

175 1905 284 1956 tentes.
327 1897 390 1956 Sibi
411 1897 540 1958 hebeent
560 1898 699 1976 proesidie
718 1917 791 1958 sue:
813 1917 893 1970 snos,
908 1899 934 1957 si
948 1905 1082 1977 possum,
1097 1894 1148 1956 ille
1160 1894 1263 1954 delen·

178 1990 263 2052 dunt.
312 1993 388 2054 Nem
405 1993 429 2052 si
443 1993 489 2067 iis,
504 2013 521 2052 e
535 1994 641 2072 quibus
663 1995 809 2068 coluntur,
828 1995 936 2054 cnsilio
956 2011 1023 2054 esse
1045 2011 1106 2052 non
1127 1999 1263 2070 possum,

177 2087 328 2166 quomodo
341 2099 469 2169 possunt
480 2109 534 2150 vos
548 2089 716 2164 defendere,
731 2111 750 2150 e
763 2093 872 2170 quibus
882 2109 941 2150 non
955 2086 1114 2150 coluntur?

219 2205 304 2245 xxv.
313 2186 373 2246 Sed
383 2185 646 2265 majorumiuquit,
657 2188 821 2248 serrandus
831 2187 968 2248 estritus.
986 2182 1066 2252 Quid
1074 2183 1155 2264 quod
1165 2181 1264 2242 omuie

175 2292 281 2358 postea
294 2283 324 2341 in
338 2282 443 2343 melius
457 2282 666 2361 profecerunt?
709 2283 842 2344 Mundus
861 2284 935 2364 ipse,
949 2282 999 2361 qui
1014 2281 1061 2342 vel
1074 2281 1264 2360 primumcu-

176 2377 251 2436 sctis
260 2377 472 2438 elementorum
485 2397 538 2457 per
551 2378 639 2439 iuene
653 2379 846 2450 seminibus-,¹⁸
855 2388 958 2439 tenero
971 2380 1052 2451 orbe,
1060 2388 1262 2448 concreverat,

178 2473 223 2536 rel
237 2475 363 2534 confuso
377 2473 474 2534 adbuc
488 2472 627 2554 indigesti
641 2475 738 2554 operis
752 2474 1050 2554 caligebetborrore3
1072 2491 1171 2532 nonne
1180 2481 1263 2549 post·

176 2589 213 2631 ee
234 2569 377 2629 distincto
397 2569 474 2643 cosli,
499 2571 598 2645 meris,
619 2581 822 2651 terrarumque
841 2570 1019 2642 discrimine,
1038 2586 1134 2628 rerum
1155 2566 1264 2627 tornes

176 2666 284 2744 quibus
305 2664 461 2744 speciosus
479 2665 604 2738 videtur,
625 2665 762 2746 accepiti
803 2667 909 2726 Esutee
928 2665 1115 2725 humentibus
1136 2661 1264 2724 tenebris

177 2780 285 2821 norum
299 2770 383 2822 terrm
398 2772 537 2840 stupuere
552 2761 655 2821 solem.
698 2763 771 2822 Dies
784 2763 814 2820 in
828 2772 931 2822 exortu
944 2779 1003 2820 uon
1017 2759 1154 2837 refulget,
1168 2757 1264 2818 sedin

176 2843 318 2938 processu
332 2856 470 2934 temporis
480 2858 661 2916 incremento
674 2856 793 2916 luminis
807 2857 907 2926 micet,
917 2865 948 2915 et
958 2854 1063 2914 caloris
1076 2863 1232 2940 exoestuet.

219 2973 319 3012 xxvr.
355 2953 438 3012 Lune
464 2954 540 3032 ipse,
568 2971 635 3031 ques
662 2951 839 3033 propheticis
864 2949 990 3011 oreculis
1019 2950 1132 3028 species
1160 2949 1263 3008 Eccle-

177 3050 229 3110 siae
258 3051 410 3128 figuretur,
438 3069 506 3109 cum
531 3048 656 3128 primum
686 3065 843 3128 resurgens
865 3047 896 3106 in
927 3055 1091 3106 menstruus
1113 3054 1265 3122 reperetur

177 3156 293 3216 aetutes,
317 3145 444 3204 tenebris
470 3144 564 3204 noctis
588 3144 824 3206 absconditnrz·
851 3143 1184 3223 peuletimqnecornus
1209 3160 1264 3200 sue

176 3241 341 3320 complens,
354 3240 401 3301 vel
421 3261 437 3300 c
459 3241 578 3320 regione
593 3240 663 3301 solis
689 3241 855 3312 absolvens,
869 3239 940 3300 cleri
962 3236 1118 3317 splendore
1139 3235 1263 3314 fulgoris

175 3337 311 3397 irrutilet.

219 3453 335 3494 xxvii.
357 3432 491 3492 Exerceri
505 3433 534 3490 in
548 3431 659 3492 fructus
675 3442 761 3492 terroe
782 3440 850 3492 ente
863 3431 1043 3500 nesciebant,
1056 3436 1134 3508 post,
1147 3425 1196 3486 ubi
1209 3424 1263 3484 im·

176 3549 279 3609 perere
291 3528 384 3588 ervis⁰
397 3527 529 3586 solicitus
540 3527 629 3606 coepit
639 3526 778 3605 agricole,
789 3536 819 3586 et
827 3527 949 3586 informe
963 3524 1058 3586 solum
1067 3522 1263 3584 restiteriue-

175 3626 226 3698 tis,
242 3623 401 3704 sylvestres
416 3622 528 3683 animos
542 3621 711 3682 domesticis
723 3623 846 3683 mollitus
860 3622 988 3682 cultibus
1001 3629 1154 3680 exuerunt.

209 3777 332 3827 'Omnes
353 3774 414 3824 edit.
432 3780 456 3825 et
467 3775 580 3835 secondo
597 3775 702 3834 Κλαίας
742 3782 770 3826 et
780 3773 1130 3840 spoilGeogr.rscsntloses.

178 3865 267 3903 onnes
283 3850 350 3900 Mis.
364 3854 389 3899 et
402 3852 502 3900 secssdo
517 3851 615 3901 liberio.
648 3849 701 3900 llo·
773 3861 792 3885 ¹·
809 3853 950 3917 compone,
966 3851 988 3900 si
1005 3849 1085 3908 lubet,
1096 3854 1179 3897 toturn
1194 3847 1263 3897 bose

177 3929 220 3979 die
236 3925 361 3977 diridltur
378 3939 409 3976 es
418 3927 491 3990 regio
507 3927 532 3974 ln
544 3925 702 3990 superiorem
742 3930 826 3978 locum
836 3943 894 3978 curu
904 3926 980 3975 simlli
991 3927 1059 3988 spurt
1071 3922 1144 3985 Visg.
1156 3923 1211 3973 uer.
1222 3937 1263 3974 vr.

177 4012 204 4055 et
225 4002 388 4061 inferiorem
416 4015 448 4049 un
467 4007 553 4051 sutem
573 3999 702 4050 Ambrosii
742 3999 1264 4063 etsltsrnmsxslteropetitunrnondif-

178 4086 259 4130 aetete
277 4077 304 4126 in
324 4076 433 4140 primurn
453 4082 480 4126 et
496 4076 637 4126 secundnm
653 4077 703 4128 dis·
741 4079 865 4130 tileberis.
914 4118 917 4131 .

176 4153 351 4219 tingueretur,
364 4149 436 4200 nobis
447 4165 495 4201 non
507 4157 618 4203 constut.
639 4152 701 4204 Vid.
771 4164 786 4189 ⁸
801 4155 864 4206 bles.
881 4150 979 4218 aliquot
998 4149 1102 4202 imbris
1118 4151 1194 4203 nutu
1211 4151 1264 4204 slis-

177 4229 324 4293 sttrunejus
339 4223 409 4291 opud
424 4226 593 4280 Ptolemenoi
609 4229 655 4281 tib.
671 4245 702 4285 n.
739 4230 857 4289 mee.
1138 4273 1141 4276 .
