3009 4909
227 336 292 401 684
574 356 740 407 anurnio
764 356 978 409 srnrarnorrr.

228 496 423 573 suscepimus,
452 514 538 557 senes
573 500 698 577 posteris
728 500 937 581 relinquamus.
981 504 1211 563 Consuetudinis
1238 520 1322 563 arnor

228 610 354 671 magnus
368 604 424 653 est.
468 593 574 653 Merito
589 594 627 653 D.
643 596 812 657 Constantii
826 596 954 657 tucrum!
963 598 1013 657 diu
1026 618 1085 658 nou
1099 600 1190 659 stetit.
1213 602 1321 657 Ostorio

227 689 308 747 uobis
321 688 457 766 exempla
471 688 592 749 vitanda
610 700 691 763 sunt,
705 710 773 769 quae
786 710 855 753 mox
870 704 983 753 remota
995 693 1151 753 didicistis.
1194 694 1319 752 AEterni-

228 794 319 843 tatem
330 804 466 844 curamus
487 786 572 845 iamne
587 796 617 846 et
631 786 757 846 nominis
775 787 883 853 nestri:
905 808 943 847 ne
957 788 1029 865 quid
1043 789 1140 848 lutura
1151 800 1224 848 astas
1237 789 1319 847 inre·

227 878 291 937 niat
306 880 522 959 coirigendur'n.

269 993 316 1033 ιιι.
339 975 396 1034 Ubi
419 976 448 1033 in
470 975 552 1055 leges
576 985 686 1037 vestras
708 989 739 1037 et
755 979 845 1037 rerba
861 977 1049 1055 jurabimus?
1089 978 1158 1045 Qua
1177 978 1320 1056 religione

228 1088 311 1129 mens
326 1070 401 1129 falso
415 1073 578 1145 terrebitur,
592 1093 627 1134 ne
639 1074 669 1133 in
680 1074 856 1135 testimoniis
866 1073 1044 1133 mentiatur?
1087 1076 1191 1133 Omnis
1204 1072 1319 1153 quidese

228 1164 294 1223 Deo
316 1165 406 1244 plena
429 1178 508 1239 sunt,
534 1188 588 1229 nec
610 1169 690 1229 ullus
715 1171 834 1249 perfidis
855 1180 937 1229 tutus
959 1182 1004 1229 est
1020 1170 1114 1229 locus.
1157 1169 1217 1227 Sed
1232 1167 1321 1246 pluri·

227 1278 306 1319 mum
321 1261 399 1321 valet
413 1264 451 1322 ad
465 1274 575 1324 metum
596 1265 800 1344 delinquendi,
820 1266 908 1324 etism
930 1264 1088 1343 praesentia
1106 1264 1255 1337 religionis
1269 1282 1318 1321 ur·

226 1357 298 1434 geri.
343 1357 397 1417 illa
412 1360 471 1419 Ara
485 1360 673 1421 concordiam
686 1371 767 1421 tenet
780 1360 921 1431 omnium,
933 1360 986 1418 illa
1000 1360 1060 1419 Ara
1076 1359 1165 1417 fidem
1179 1360 1327 1428 convenit

226 1451 426 1531 singulorum:
451 1474 547 1535 neque
576 1456 688 1536 aliquid
715 1459 809 1535 magis
837 1456 1040 1516 auctoritatem
1066 1455 1137 1514 facit
1165 1456 1319 1514 sententiis

225 1547 344 1617 nostris,
367 1568 456 1626 quarn
482 1551 562 1628 qood
589 1552 689 1612 omnia
715 1552 801 1630 quasi
817 1551 934 1630 juratus
958 1545 1059 1610 noster
1080 1550 1152 1609 ordo
1175 1549 1319 1610 decernit.

226 1640 343 1701 Patebit
362 1664 432 1723 ergo
452 1645 537 1705 sedes
550 1647 674 1725 prolana
691 1644 835 1726 perjuriis,
858 1655 888 1706 et
906 1646 964 1707 boc
981 1645 1084 1725 inclyti
1098 1645 1245 1725 principes
1260 1647 1318 1705 mei

225 1740 376 1815 probabile
386 1742 573 1820 judicabunt,
588 1742 638 1821 qui
652 1754 838 1802 sacramento
847 1741 964 1820 publico
976 1743 1032 1801 tuti
1043 1752 1123 1801 sunt.

264 1853 323 1894 arr.
347 1835 406 1895 Sed
419 1836 513 1897 Divus
525 1839 718 1899 Constantius
733 1838 811 1898 idem
826 1839 931 1899 secisse
944 1837 1061 1897 dieitur.
1102 1837 1208 1895 Cetera
1218 1835 1317 1913 potius

225 1926 303 1988 illius
324 1930 464 2011 principis
487 1932 676 1995 aemulemur:
698 1935 749 2012 qui
764 1933 834 1991 nibil
849 1932 908 1993 tale
922 1943 1002 1993 esset
1016 1951 1187 2011 aggressus,
1204 1932 1230 1989 si
1249 1932 1317 2009 quis

225 2032 293 2083 ante
307 2044 339 2083 se
353 2026 428 2087 elius
442 2027 598 2089 deviasset.
642 2031 779 2109 Contigit
797 2030 871 2089 eninr
892 2037 1066 2107 sequentem
1085 2028 1187 2106 lapsus
1200 2026 1317 2105 prioris,

224 2130 254 2177 at
278 2120 316 2180 de
335 2124 561 2201 reprehensione
586 2125 790 2186 antecedentis
808 2123 957 2203 exempli‘
977 2124 1108 2183 nascitur
1135 2122 1316 2182 emendatio.

249 2298 268 2343 Ι
281 2300 324 2351 lta
334 2300 393 2350 edd.
410 2317 441 2351 sc
454 2301 516 2353 Mss-
528 2318 627 2367 omnes,
637 2312 749 2370 excepto
790 2305 892 2369 scriptis
914 2302 1025 2366 probari.
1067 2304 1251 2351 Verumtamen
1275 2316 1318 2351 eo·

224 2390 274 2427 uno
297 2378 377 2441 Long.
400 2378 442 2428 ubi
464 2379 576 2430 habetur
599 2382 750 2432 Constantini
788 2386 847 2428 turn
864 2386 1016 2443 argumenta
1037 2392 1087 2425 non
1109 2385 1169 2426 snut
1189 2377 1265 2437 tanti,
1287 2386 1318 2429 nt

216 2452 319 2510 fretam.
353 2454 480 2503 Beronitrs
496 2457 748 2509 commodamus.
790 2461 932 2505 coutrstot
949 2454 1015 2525 Mes.
1035 2459 1063 2502 et
1079 2461 1229 2501 cunctarum
1250 2451 1317 2503 Edd.

222 2528 316 2579 suadet
333 2529 469 2592 legendum
495 2534 633 2582 Constantis
645 2533 749 2597 soctan,
789 2529 971 2579 auctoritatem
987 2527 1317 2576 Gonnrntirsslricdesera·

222 2606 295 2667 qnasi
307 2608 479 2670 exprobraret
491 2610 656 2672 Symmachus
669 2612 748 2675 impe·
789 2620 855 2655 mus.
888 2604 958 2656 Qnid
972 2604 1041 2652 enim
1059 2610 1142 2664 setar,
1159 2617 1193 2651 ue
1204 2602 1318 2665 dicatur,

223 2679 287 2729 rium
296 2681 441 2733 Constantii
452 2684 750 2751 brevesutn³e‚scpmp.
789 2682 868 2745 ipsius
889 2678 987 2729 lactum
1007 2694 1057 2729 non
1072 2678 1116 2727 din
1133 2680 1245 2738 stetisse,
1257 2694 1317 2728 curn

222 2760 265 2804 ter
274 2756 354 2805 vetita
365 2760 478 2809 Deorum
491 2775 565 2809 „cn
575 2763 749 2826 sumaim.
789 2755 853 2805 illud
874 2755 1005 2818 prosimus
1031 2753 1147 2817 ejusdem
1170 2754 1316 2803 Constantii

221 2831 311 2879 uentio
333 2832 469 2885 demedio
495 2838 630 2887 sublatum.
664 2839 749 2889 Quem
789 2828 1245 2891 suceessorJuliannsantiquaveriti
1260 2829 1316 2877 De·

222 2907 397 2970 conjecturam
413 2910 750 2975 egreglehincpntntcon·
788 2907 849 2957 iude
875 2905 944 2971 qnod
973 2903 1119 2953 Constantii
1149 2903 1317 2965 Symnrscbns

221 2982 317 3033 firmari
335 2986 405 3049 quod
421 2984 488 3036 intra
503 2988 632 3051 subditur,
651 2990 697 3040 &rt
711 2990 747 3041 D,
790 2984 884 3034 lterum
904 2980 1000 3030 fecerit
1020 2980 1186 3039 mentionem,
1201 2978 1226 3025 id
1243 2994 1316 3028 more

223 3057 393 3120 Conmentr'm
409 3062 466 3113 eod.
478 3064 557 3127 Loug.
569 3064 749 3127 emiserim,
790 3058 931 3108 Oratornnr
950 3054 1042 3104 endem
1061 3052 1179 3111 subinde,
1196 3068 1254 3101 sum
1266 3054 1317 3103 sibl

220 3136 260 3195 trs.
304 3134 376 3186 Idem
398 3138 432 3188 ad
453 3153 546 3189 annom
574 3144 631 3190 stt.
657 3142 748 3190 andern
789 3153 822 3189 aa
839 3152 886 3187 usn
902 3150 959 3185 esse
976 3139 1079 3198 pariant,
1095 3133 1246 3181 iterantium
1262 3148 1315 3183 non

220 3209 306 3271 iterat,
326 3218 403 3277 atque
420 3216 524 3265 asserit.
556 3216 696 3265 Beroniom
710 3231 748 3265 se·
789 3214 918 3264 abhorret.
950 3206 1319 3271 lluesddeqnodiut'radicl«

220 3286 306 3351 qrritur
318 3287 476 3339 Godel'ridns
496 3292 522 3339 in
540 3292 604 3355 Leg.
622 3306 654 3341 ιι.
666 3298 693 3341 et
704 3306 747 3342 111.
788 3298 847 3340 tur:
861 3287 921 3350 ‘qui
930 3285 992 3335 nibil
1001 3285 1053 3334 tate
1061 3288 1129 3331 esset
1138 3298 1283 3345 aggressos,
1294 3285 1316 3333 sl

220 3362 252 3411 de
280 3364 401 3427 Paganis,
429 3378 493 3428 quas
519 3366 668 3416 Constantis
693 3382 747 3416 ense
787 3365 923 3430 quisenta
941 3376 969 3411 se
989 3360 1053 3409 alius
1073 3358 1223 3407 deviasset!
1255 3360 1316 3410 Quo

221 3440 377 3490 arbitratur:
402 3449 480 3507 atque
503 3442 529 3492 in
547 3444 612 3493 hanc
632 3444 747 3493 ultimam
788 3440 856 3491 enlm
869 3433 1314 3502 pnctoistaconstanrloesymma-

220 3523 251 3562 eo
261 3514 313 3562 loci
325 3530 340 3565 a
351 3514 503 3581 Symmacho
523 3518 661 3569 Constantis
676 3517 747 3569 l'acto
787 3513 830 3563 chi
842 3519 927 3563 menie
936 3509 1113 3572 ⁰⁰¹¹V0¹¹i¹²⁰ls
1121 3510 1141 3559 ⁸³
1153 3508 1220 3557 ¹⁸²ss
1230 3524 1245 3557 ⁸
1257 3524 1315 3570 Ψ·

220 3588 300 3637 tacite
315 3589 461 3653 Magnentii
475 3592 589 3642 Deorum
603 3607 696 3657 nempe
708 3608 747 3643 ss·
788 3603 864 3638 mano
875 3589 923 3637 bac
934 3586 966 3634 de
978 3598 1006 3633 re
1020 3584 1101 3646 leget.
1118 3590 1196 3646 siqu?
1209 3596 1224 3631 Ι
1238 3584 1315 3647 Μῦς·

220 3678 265 3712 cra
284 3664 418 3715 reddentis
437 3665 535 3716 fsctnm
550 3669 647 3731 opponi
658 3668 746 3717 existi·
788 3664 877 3714 sentio
906 3662 1019 3711 sublatas
1050 3658 1219 3707 intellexisset
1245 3658 1314 3708 idem

219 3746 282 3788 mat.
316 3740 417 3791 Deinde
435 3756 495 3792 vero
519 3744 657 3806 propositis
678 3744 746 3793 Con.
786 3737 973 3789 messentius?
990 3733 1194 3795 Credibileet’go
1204 3740 1315 3783 etinte-

218 3814 308 3864 stsntil
328 3816 409 3866 tribus
432 3817 542 3880 legibus,
561 3818 618 3883 qnls
638 3820 746 3882 templo·
786 3820 862 3864 turns
878 3820 978 3863 tantum
996 3809 1121 3859 sacrillcls
1138 3823 1153 3855 a
1171 3808 1315 3859 Constante

220 3904 274 3938 rum
287 3891 369 3955 aditu,
385 3906 484 3941 necnon
503 3906 549 3941 usn
562 3891 746 3943 sacrificiorum
786 3892 864 3943 fuisse
893 3889 1033 3956 prohibita,
1061 3901 1119 3951 quse
1147 3886 1314 3949 Magnentius

219 3965 395 4029 interdicitur,
418 3969 444 4016 in
467 3981 510 4017 ιιι.
527 3969 606 4017 tradit
625 3982 671 4032 per
689 3969 747 4019 tras
787 3967 931 4017 restituisse
943 3965 1079 4029 reperitur.

218 4046 346 4103 tempora,
361 4042 463 4093 scilicet
474 4057 517 4093 ιιι.
528 4046 586 4092 856.
597 4042 747 4092 aconstan·
817 4050 831 4085 1
848 4042 921 4091 Rom
933 4041 996 4091 edit.
1013 4042 1075 4098 sols,
1092 4048 1116 4092 et
1127 4038 1315 4105 deprehensionis

220 4114 256 4163 tio
280 4114 358 4165 Aram
384 4117 509 4167 Victoriae
534 4116 647 4167 dirutam
674 4132 746 4178 esse;
787 4117 1065 4179 antecedentiserenspls.

218 4189 296 4253 idque
315 4206 347 4241 ex
365 4191 403 4241 bis
417 4192 563 4255 Symmachi
574 4208 604 4244 nc
615 4192 745 4243 Ambrosii
