3009 4909
447 365 478 414 s.
501 365 680 416 sunnostr
708 365 899 416 aeternna.
1171 352 1236 418 7⁰1

193 527 318 569 xnxrx.
342 507 435 576 Quem
458 509 547 568 etiam
566 509 659 588 magis
677 508 829 568 sacrificiis
850 507 993 582 deditum,
1006 526 1095 588 qnam
1109 507 1235 569 Cartha·

25 607 26 634 ³
154 603 312 684 giuensium
334 602 438 664 ducem
456 603 651 664 Hamilcarem
671 603 855 684 reperimus?
896 604 955 672 Qui
975 625 1042 666 eum
1063 614 1127 666 toto
1141 605 1236 684 prelii

26 719 27 790 l
153 713 275 782 tempora
302 700 379 760 inter
400 701 480 762 acies
501 702 615 782 positus
638 701 826 772 dimicantes,
848 701 1020 762 sacrificinm
1043 700 1162 778 sanaret,
1183 705 1235 764 nbi

152 805 257 876 partem
270 815 392 857 snorum
406 797 514 858 victam
528 817 595 858 esse
615 797 766 876 cognovit,
778 797 810 856 in
830 797 922 878 ipsos,
936 816 1011 876 quos
1031 796 1180 870 adolebat,
1202 818 1234 858 se

152 891 340 970 praedpitasit
353 893 456 971 ignes:
477 902 511 952 ut
524 913 576 954 eos
589 893 636 954 rel
650 912 773 972 corpore
787 911 842 953 suo
856 891 1076 973 restinguerem
1089 913 1165 973 quos
1179 892 1235 955 sibi

152 988 218 1047 nihil
231 987 377 1068 profuisse
392 1000 582 1068 cognoverat.

188 1103 241 1144 xa.
262 1085 343 1144 Nam
358 1083 396 1144 de
410 1084 530 1145 loliano
543 1082 615 1164 quid
630 1083 760 1165 loquer?
789 1085 922 1165 quicum
939 1084 1089 1164 responsis
1102 1086 1237 1166 haruspi-

151 1197 211 1238 rum
225 1177 302 1238 mela
316 1179 457 1240 credulus
472 1188 562 1252 esset,
581 1179 692 1239 ademit
712 1179 768 1238 eibi
793 1179 926 1240 subsidia
938 1182 1112 1242 revertendi.
1155 1183 1235 1263 Ergo

150 1273 337 1333 inoommuui
359 1293 432 1336 casu
457 1294 518 1334 uon
538 1283 585 1334 est
602 1275 765 1335 communis
787 1274 913 1336 offensa.
954 1277 1109 1339 Neminem
1127 1279 1237 1339 etenim

149 1369 286 1448 promuss
300 1379 405 1430 nostra
418 1370 561 1432 luserunt.

92 1533 96 1540 ¹
186 1485 254 1524 xrs.
276 1465 435 1545 Respondi
448 1467 660 1528 lacessentibus
672 1477 814 1548 tanquam
827 1487 889 1530 non
902 1469 1078 1536 lacessitus:
1099 1469 1237 1531 refellen-

149 1559 192 1620 da
205 1561 315 1621 etenim
330 1561 507 1635 Relationis,
520 1581 579 1622 non
593 1562 778 1641 exponendas
791 1563 1007 1642 superstitionis
1020 1563 1090 1622 mihi
1105 1563 1235 1624 studium

148 1655 207 1716 luit.
246 1657 288 1715 'l'e
310 1668 423 1729 tamen,
439 1656 609 1738 Imperator,
628 1659 693 1739 ipsa
714 1677 814 1720 eornm
834 1658 951 1720 Relatio
964 1658 1054 1718 faciat
1064 1660 1234 1720 cautiorem.

149 1752 218 1810 Nam
232 1773 301 1812 cum
316 1753 357 1811 de
377 1755 574 1832 superioribus
589 1753 771 1833 principibus
786 1755 940 1826 tenuisset,
953 1753 1023 1833 quia
1044 1755 1122 1835 prior
1134 1774 1236 1816 eorum

149 1867 280 1906 numerus
296 1847 484 1907 caerimonias
498 1861 611 1928 patrum
626 1849 727 1920 coluit,
743 1849 887 1910 recentior
908 1867 968 1908 non
989 1851 1129 1917 removitz
1151 1849 1236 1909 addi·

147 1943 234 2002 disset
247 1941 361 2003 etiam:
377 1943 409 2024 ,si
423 1943 589 2022 exemplum
599 1943 702 2022 religio
717 1955 848 2004 veteram
869 1963 928 2003 non
942 1944 1024 2016 lacit,
1038 1943 1130 2004 saciat
1144 1943 1233 2003 dissi·

145 2039 258 2098 molatio
280 2037 503 2118 proximorum:
524 2039 674 2098 evidenter
693 2037 804 2111 docuit,
817 2037 889 2117 quid
902 2047 933 2098 et
950 2037 1020 2098 fidei
1034 2048 1094 2099 tuoe
1115 2039 1236 2114 debeas,

146 2147 175 2196 ut
187 2134 328 2214 gentilitii
342 2135 414 2194 ritus
429 2153 489 2194 non
504 2134 636 2214 sequaris
650 2135 828 2214 exemplum,
841 2144 873 2194 et
889 2135 1001 2213 pietati,
1015 2145 1050 2195 ut
1063 2135 1161 2196 fratris
1176 2146 1236 2196 sta·

146 2243 204 2292 tntu
216 2251 277 2290 nou
293 2229 400 2290 violes.
442 2230 473 2290 Si
487 2231 565 2290 enim
583 2251 637 2312 pro
651 2232 713 2292 auis
726 2231 873 2290 duntaxat
885 2231 1017 2309 partibus
1032 2249 1132 2292 eorum
1146 2231 1235 2291 dissi·

147 2317 337 2390 nnladouem
360 2324 528 2405 Principum
552 2327 760 2405 praedicarunt,
773 2326 836 2406 qui,
848 2346 916 2386 cum
940 2337 1042 2386 essent
1062 2327 1233 2398 Christiani,

147 2423 259 2482 dumeta
271 2433 377 2482 tamen
392 2421 545 2500 gentilium
558 2423 674 2483 minime
688 2432 891 2488 removerunt:
912 2431 1025 2501 quanto
1039 2423 1133 2500 tnagis
1144 2422 1236 2482 amori

147 2518 230 2578 debes
244 2518 366 2578 deferre
387 2518 525 2588 fraterno,
545 2519 649 2596 utqui
671 2517 857 2578 dissimulare
879 2515 1014 2588 deberes,
1032 2516 1149 2576 etiamsi
1161 2515 1235 2594 quid

146 2613 260 2672 forsitan
275 2631 341 2672 non
355 2613 506 2692 probares,
520 2633 556 2674 ne
571 2613 706 2674 lrateruie
726 2613 884 2692 derogares
903 2613 1031 2684 statutis,
1050 2622 1082 2671 et
1099 2629 1178 2670 nnnc
1191 2623 1235 2671 te·

146 2728 210 2767 neae
237 2707 325 2786 qnod
350 2719 381 2768 et
407 2707 474 2768 fidei
501 2717 570 2782 tute,
596 2720 626 2770 et
652 2709 852 2791 germanitatis
878 2705 1091 2768 necessitudini
1113 2705 1232 2785 judicas

147 2803 319 2862 convenire!

172 2969 242 3018 clm
257 2983 351 3020 omnes
369 2967 432 3020 Mes.
453 2969 543 3032 pennu
553 2969 673 3030 exemtis,
710 2972 882 3033 remissum
907 2985 996 3022 omues
1017 2985 1079 3024 sero
1107 2972 1171 3024 edlt.
1196 2976 1236 3022 ael

145 3047 169 3096 in
189 3049 285 3114 quibos
310 3061 358 3112 pro
382 3047 538 3112 restingueret
561 3047 673 3100 habetnr
710 3047 1016 3108 memrerttmeret.
