3009 4909
246 414 332 481 1028
442 428 551 477 uorn·
574 424 840 477 vartonuu'ru
865 426 1129 479 runnuurtou.

247 588 306 637 cap.
330 584 388 621 xrn.
421 571 539 621 ‘Colum
557 576 585 620 et
602 576 673 621 terra
691 578 775 620 trans·
812 571 1064 636 ‘SpumosoCypritt
1077 577 1157 633 ponto
1168 566 1328 633 Dispereat!

248 649 332 708 ibunt,
350 648 427 697 verba
441 656 529 697 nutent
546 662 603 696 mes
623 661 674 695 non
694 656 776 696 trsnr·
847 646 922 695 Trlttn
932 662 1011 705 rerunt
1020 644 1140 709 merlino]
1154 646 1226 695 Dixit
1241 660 1287 708 pro
1300 646 1342 693 tri·

246 723 341 772 ibunt?
373 723 457 772 Terra
469 738 531 773 vero
548 723 594 773 ute
611 726 777 787 snpercoeles·
814 724 875 786 plici
892 724 1028 787 principio,
1044 720 1185 773 secondum
1198 720 1342 785 opinionem

247 798 777 865 rtsetspirirnstn‚qnsmtneolnntsanctl
815 802 1061 865 Peripateticorum,
1079 801 1122 865 qul
1140 806 1278 849 autumant
1296 797 1344 847 trie

247 882 275 923 et
287 876 374 935 glorias
385 882 491 923 eternre
501 881 777 937 consortes,parprtou
815 892 872 927 esse
883 886 982 931 naturm
992 878 1134 942 principia:
1148 876 1287 925 Materiam
1297 874 1344 923 sei·

243 958 290 1000 -est
300 958 328 999 et
345 951 507 1011 imtuortslis,
521 950 620 999 incolas
637 950 717 999 etism
733 950 777 998 be·
815 953 888 1013 licet,
899 953 1008 1003 formam
1020 961 1046 1002 et
1057 952 1239 1016 privationem.

249 1028 453 1091 beosnnnqoem
468 1027 622 1077 morituros:
640 1026 778 1075 etidcirco
815 1060 817 1065 -
848 1030 974 1093 Maelius]
999 1030 1109 1091 Proprie
1131 1028 1230 1077 dicitnr
1251 1027 1345 1076 instru-

246 1110 320 1153 terrs
340 1104 480 1153 virontiam
503 1105 658 1167 appelletur,
679 1103 778 1153 Psalm.
816 1114 929 1155 mentum
946 1120 1030 1167 omne,
1047 1118 1162 1169 opusque
1174 1118 1226 1168 qno
1238 1103 1264 1151 in
1278 1102 1345 1151 bello

250 1193 330 1231 nrt.
347 1181 453 1231 ‘Credo
465 1182 628 1231 viderebons
641 1182 742 1229 Domini
752 1182 777 1229 in
815 1183 920 1237 utimur.
936 1190 964 1231 et
979 1182 1041 1231 itetu
1060 1182 1115 1245 ipso
1133 1180 1243 1230 comitia
1253 1179 1345 1243 quibus

245 1266 320 1306 terra
332 1258 492 1307 virentium!
524 1259 588 1321 Ejus
609 1259 736 1321 possessio
750 1266 779 1309 et
816 1258 938 1321 decipere
952 1256 1050 1307 bostem
1063 1270 1198 1306 conentur:
1218 1270 1234 1303 tt
1251 1254 1347 1305 Grteeo

249 1332 387 1383 ltaereditas
404 1334 510 1385 mitibus
530 1344 558 1384 et
576 1337 717 1385 mansuetis
738 1342 780 1385 est
815 1335 919 1397 μηχανὴ,
931 1348 989 1399 ane
1001 1334 1098 1382 molitio
1113 1341 1140 1382 et
1151 1334 1271 1383 ntttcbina
1282 1328 1347 1382 dici-

249 1410 411 1472 repromissa,
431 1411 527 1459 Mettb.
546 1424 603 1472 cop.
620 1425 648 1460 v.
681 1410 778 1460 ‘Beati
816 1420 873 1461 tur:
892 1422 919 1462 et
929 1408 1068 1472 numinum,
1078 1409 1191 1471 invenio,
1202 1409 1347 1459 molior:et

249 1486 335 1548 anites,
343 1493 463 1551 quonism
481 1488 530 1551 ipsi
548 1486 716 1551 possidebunt
727 1495 778 1536 ter·
814 1485 952 1548 μηχάνημα,
963 1488 1107 1547 inventum,
1117 1484 1225 1535 molitio.

249 1563 323 1611 ram!
339 1564 561 1614 EtPsrl.xxxrt.
576 1564 722 1613 ‘Mansueti
733 1580 777 1613 eu·
848 1568 878 1613 ld
893 1562 992 1625 Vigest]
1004 1562 1080 1621 Sunt,
1091 1568 1120 1609 et
1130 1567 1218 1624 agunt.
1234 1558 1347 1625 *Ἥρας

249 1647 303 1688 tem
319 1640 513 1690 baereditnbnnt
526 1649 633 1701 torrem,
650 1650 679 1690 et
691 1641 778 1691 delec-
815 1640 900 1704 inquit
911 1638 1060 1704 Pompeios,
1075 1637 1202 1687 ‘ductum
1214 1636 1347 1687 ridetur·

249 1716 375 1765 tsbnotnr
383 1717 409 1767 in
421 1718 586 1767 multitudine
598 1718 686 1780 pacis!
769 1752 774 1763 .
815 1716 839 1764 ri
851 1715 970 1777 egendo!

245 1816 250 1823 ·
281 1790 358 1840 Fortu
376 1793 557 1857 praenotare
590 1793 723 1857 Siquidem
745 1794 777 1843 ed
847 1789 1050 1853 sumserunt.

145 1928 151 1937 ,
248 1866 488 1931 Psalmogrnplrnrn,
502 1876 531 1917 nt
547 1868 666 1930 diximus,
682 1870 778 1917 sllusit.
849 1866 937 1929 Globo]
954 1866 1037 1929 Orbe,
1048 1865 1158 1930 sphaere.
1182 1863 1309 1915 Refertur
1319 1872 1348 1915 et

247 1939 404 2004 Singulatim
426 1949 512 1991 autem
535 1943 560 1991 ln
581 1943 696 1992 Romano
714 1944 778 1992 Pru·
816 1944 885 1992 inter
896 1944 1016 1992 militaria
1027 1942 1153 1992 vocabule
1164 1942 1267 2006 globus,
1278 1942 1347 2007 qnia

248 2015 352 2066 dontius
364 2032 404 2067 rea
414 2018 576 2068 conditoslris
585 2018 713 2082 expressit
721 2032 779 2067 rer·
816 2034 862 2068 sun
873 2020 929 2069 scic
941 2026 1088 2083 separatus,
1106 2034 1172 2081 rugo
1185 2025 1347 2081 snpcrreotu

248 2091 330 2154 ribus,
348 2092 419 2142 iectu
430 2087 504 2143 certe
515 2092 687 2156 dignissimis:
703 2094 711 2121 ‘
725 2093 779 2143 Na·
816 2096 930 2145 incurset
941 2094 1065 2161 inimcos,
1092 2094 1142 2143 Sed
1154 2094 1223 2160 qnod
1232 2096 1266 2144 nd
1277 2096 1346 2145 bunc

249 2171 311 2215 tore
332 2165 444 2231 simplex
466 2168 548 2231 pollet
566 2168 641 2217 unius
660 2168 721 2230 diei,
744 2168 779 2217 Et
815 2172 912 2221 ettioet
929 2172 1020 2232 locum,
1031 2170 1148 2220 Macrob.
1163 2171 1189 2219 in
1201 2170 1346 2223 commem.

249 2241 370 2309 quiequid
386 2256 492 2307 nsquam
509 2252 550 2291 est
562 2256 613 2292 nos
624 2244 706 2292 victos
717 2257 780 2293 con·
816 2262 879 2313 qnos
894 2249 920 2297 itt
936 2248 1068 2297 Somnium
1086 2245 1214 2310 Scipionis
1229 2246 1345 2309 scripsit,

248 2317 331 2367 didit:
349 2318 457 2377 caelum,
468 2318 612 2382 solumque,
624 2316 676 2366 rint
688 2318 779 2367 menni
816 2324 906 2387 globos
919 2316 960 2373 rel
971 2324 1047 2373 orbes
1063 2330 1182 2373 numeret
1198 2336 1301 2385 norem,
1320 2324 1345 2372 itt

249 2392 369 2455 gurgitis,
379 2392 478 2442 Globos
494 2392 604 2454 dierum,
612 2394 779 2458 noctiumque
816 2400 872 2449 bec
884 2399 976 2449 rerba:
994 2400 1003 2428 ‘
1015 2398 1114 2449 Norunt
1130 2398 1176 2447 tibi
1188 2398 1293 2448 orbibus
1305 2400 1346 2447 rel

248 2468 375 2531 presides
389 2469 499 2529 ventos,
518 2470 653 2531 procellsr.
668 2468 779 2532 loiron,
816 2474 902 2540 potins
923 2474 1004 2537 globis
1025 2486 1140 2524 connexe
1166 2481 1227 2523 sunt
1251 2472 1347 2533 onnia,

248 2544 354 2603 imorem
362 2542 460 2603 nubile,
471 2544 676 2608 Septentriones,
686 2544 779 2609 bespe-
816 2558 995 2615 quornmnons
1004 2556 1045 2599 est
1052 2549 1166 2599 celestia
1174 2550 1295 2609 extimos,
1302 2551 1346 2614 qni

249 2636 300 2683 ros,
319 2621 401 2683 nites,
422 2620 528 2682 Pontes,
546 2621 662 2683 prolum,
679 2628 708 2668 et
726 2634 780 2672 me·
817 2624 930 2689 reliquos
952 2638 1041 2673 ontnes
1062 2624 1255 2688 complectitur,
1277 2638 1346 2675 sunt-

247 2698 319 2752 tella‚
341 2704 370 2747 et
390 2694 506 2758 domina,
524 2696 675 2761 Prernpts‚
694 2700 779 2762 plene,
816 2714 872 2749 mus
890 2700 939 2751 lete
954 2702 1038 2757 Deos,
1055 2714 1147 2749 ercens
1164 2708 1191 2749 et
1209 2700 1345 2751 continens

247 2772 375 2821 montium
390 2771 528 2832 convallia,
544 2772 635 2834 Feras,
653 2774 779 2837 rolocres,
816 2784 937 2837 ceteros,
954 2776 980 2825 in
1000 2790 1051 2841 qno
1068 2784 1128 2826 tunt
1145 2774 1218 2825 infixi
1235 2776 1283 2839 llli,
1300 2776 1346 2841 qui

249 2846 368 2909 reptiles,
388 2846 519 2908 natatiles,
536 2847 667 2905 dumento,
687 2864 793 2913 protttt,·
816 2852 963 2915 solvuntur,
984 2854 1117 2903 stellarum
1138 2866 1228 2903 eurum
1251 2854 1346 2917 sempl-

248 2921 405 2983 snbjugsles,
424 2920 536 2971 bellum
554 2924 655 2985 riores,
670 2924 779 2987 fruteta,
816 2930 893 2978 rernl.
935 2928 1005 2978 Huic
1024 2928 1137 2992 subjecti
1161 2934 1274 2993 septem,
1300 2930 1344 2994 qul

249 2996 373 3056 germino,
392 2996 492 3059 omnes,
504 2996 620 3058 arbores,
636 3001 702 3052 Qun
717 3012 779 3053 sont
817 3011 953 3052 versamur
961 3010 1040 3063 retro,
1048 3003 1178 3053 contrario
1186 3010 1257 3053 moin
1266 3010 1344 3069 arque

249 3070 332 3127 odori,
343 3084 453 3136 qureqne
464 3079 601 3123 vernentes
612 3076 677 3126 esui.
711 3078 779 3131 lie-‚c
816 3081 917 3129 caeluro.
942 3079 1272 3142 Eqnibosununtpiobnut
1284 3094 1344 3143 pos·

249 3160 301 3197 non
323 3147 411 3197 labore
432 3154 461 3197 et
483 3155 539 3198 srte
569 3152 673 3201 molitos
694 3155 779 3217 Deus,
816 3155 884 3205 sidet
903 3154 957 3219 ille,
972 3170 1047 3219 quent
1063 3156 1088 3205 iu
1104 3156 1180 3205 terris
1196 3156 1345 3207 Saturnium

249 3224 295 3273 sed
308 3223 435 3286 jussione,
446 3239 522 3291 qoem
534 3235 650 3289 potestas
661 3232 778 3293 pretulit.
816 3230 957 3280 nominent.
990 3230 1094 3280 Deinde
1108 3239 1148 3279 est
1160 3230 1288 3281 hominurn
1300 3244 1345 3295 ge·

249 3298 394 3371 Mendetit¹
405 3314 472 3363 esse,
490 3300 560 3351 fecta
578 3312 639 3355 sunt
651 3320 709 3369 qne
726 3320 778 3357 non
816 3306 871 3355 neri
884 3320 1022 3370 prosperus
1033 3314 1060 3355 et
1069 3307 1188 3356 sulutsris
1197 3306 1241 3356 ille
1251 3305 1346 3370 fulgor,

249 3383 341 3424 erant:
361 3377 449 3427 Verbo
476 3378 577 3429 cressit
602 3381 778 3433 omniformem
816 3382 860 3446 qni
879 3382 977 3431 elicitur
991 3382 1076 3433 Joris.
1106 3384 1170 3431 'l'um
1182 3382 1345 3433 rntlloslror·

248 3451 402 3508 morbidant,
413 3452 504 3503 Vlttns
518 3460 626 3517 paterne
638 3470 741 3520 temper
751 3458 778 3507 in
816 3458 949 3522 ribilisque
970 3459 1055 3520 terris,
1073 3474 1147 3523 quem
1169 3456 1292 3509 Mettium
1304 3460 1345 3509 di-

248 3526 330 3575 rerbo
347 3525 417 3575 init!
454 3528 536 3577 Fores
550 3530 663 3593 Ulpiano
683 3532 779 3583 dicitnr
817 3533 884 3583 citis.
916 3535 1019 3583 Deinde
1040 3535 1131 3585 subter
1152 3536 1263 3585 mediam
1286 3535 1344 3585 l'ere

248 3604 442 3665 receptacnlnm
464 3618 546 3669 aqna,
572 3620 648 3655 meno
669 3606 777 3657 tectum.
817 3610 946 3672 regionem
963 3612 1001 3659 sol
1022 3611 1134 3673 obtinet,
1153 3610 1206 3659 dnx
1226 3619 1254 3660 et
1272 3614 1343 3676 prin-

250 3678 362 3727 Fotsnre
380 3692 428 3741 pro
449 3676 572 3740 fossione,
593 3682 635 3730 rel
651 3696 701 3745 pro
714 3691 779 3733 tern-
816 3700 879 3747 ceps
890 3694 918 3736 et
930 3688 1075 3736 moderator
1091 3688 1211 3737 luminum
1229 3688 1344 3753 reliquo-

248 3770 314 3817 pore
335 3754 450 3803 fodiendi
473 3764 614 3819 ntntpstnr
640 3773 656 3806 s
677 3759 776 3810 Colosn.
817 3774 872 3808 rum
882 3763 1343 3828 mensmondiettemperatio,tsntu·

248 3846 290 3881 tr.
301 3834 342 3880 28.
816 3848 865 3898 qus
877 3838 1064 3901 magnitudine,
1075 3848 1103 3887 nt
1119 3848 1271 3888 cunctosne
1285 3842 1343 3890 lnce

282 3906 370 3970 Portis]
397 3908 562 3959 Generaliter
594 3912 722 3973 recipitur
743 3914 777 3963 de
816 3912 909 3962 lustret
921 3924 947 3961 et
959 3917 1098 3978 complent.
1132 3916 1209 3965 Hunc
1224 3918 1343 3965 nteottti·

249 3984 318 4032 omni
333 3985 413 4033 utari:
430 3984 476 4033 sed
488 3985 524 4034 ibi
536 3986 687 4049 specialiter
701 3989 777 4038 intel·
815 3994 854 4035 tes
863 3998 1064 4055 consequuntur,
1070 3992 1181 4040 Veneris
1190 3993 1267 4055 alter,
1277 3994 1345 4041 ulter

249 4059 339 4114 ligitur
359 4058 393 4106 de
413 4059 476 4107 utari
495 4060 589 4109 stricto
610 4061 638 4109 in
659 4063 776 4125 ingressu
815 4063 939 4113 Mercurii
951 4078 1049 4115 corsua.
1082 4066 1226 4131 lnlimoqne
1234 4070 1297 4117 orbe
1309 4072 1345 4117 ln·

249 4132 423 4193 Hellesponti,
439 4132 508 4197 quod
520 4134 647 4184 Enainnm
659 4139 776 4200 eppello·
814 4154 857 4201 ns,
878 4141 955 4190 rediit
973 4142 1032 4189 solis
1048 4155 1159 4192 eccenss
1175 4148 1344 4194 convertitur.

249 4214 308 4253 tur:
323 4208 357 4254 ‹le
368 4215 419 4268 quo
429 4208 560 4272 eliquento
570 4211 699 4275 copiosius
709 4215 776 4265 disi·
815 4214 886 4265 infra
898 4226 1051 4266 autemeam
1071 4218 1131 4267 nibil
1152 4226 1201 4282 est,
1215 4220 1265 4268 nisi
1276 4232 1343 4268 mnr-

250 4296 306 4330 nuss
319 4282 343 4330 in
355 4286 519 4335 cunctatione
530 4287 713 4353 stsurosrtetn,
722 4290 776 4342 ibi:
815 4292 867 4339 tele
878 4298 905 4341 et
916 4290 1052 4355 caducum,
1063 4301 1160 4357 preter
1172 4298 1279 4357 suimus,
1288 4308 1344 4344 nto-
