3009 4909
276 398 765 456 srrnonsssrurnnrnur.1u
783 399 952 451 osrrruu.
971 400 1098 451 nunu.
1114 400 1170 449 rx.
1212 384 1300 451 1089

202 548 231 593 et
242 541 276 593 ed
287 542 456 607 aperiendum
467 541 558 593 virtuti
574 541 640 593 siam
652 540 731 592 adae·
768 541 881 594 Adferte
906 557 1020 593 mensam
1047 549 1076 593 et
1099 555 1202 607 penem.
1237 544 1297 599 Quo

203 618 270 669 niet.
768 616 850 682 secto,
868 620 929 669 tulit
949 634 1052 683 peneus,
1063 611 1099 669 'et
1115 618 1251 671 benedixit
1267 632 1299 668 ae

236 694 347 758 cuipam]
372 695 492 752 Beatum,
509 698 666 757 peecatum:
682 693 732 743 isoo
769 693 1085 758 tregruetdeditsscobo
1095 695 1182 757 iusto,
1194 702 1221 745 et
1233 695 1300 745 dixit

201 772 261 823 loeo
276 772 332 820 inse
349 778 390 821 est
407 771 472 834 ejus,
486 770 626 820 secuudum
644 770 733 818 Dona·
769 769 809 841 ei:
829 770 922 821 Frater
932 770 978 832 mi,
988 770 1096 821 consede
1110 786 1203 835 panem
1218 776 1299 835 tuum,

202 854 268 906 tum,
283 847 325 911 qui
344 846 446 895 nescius
465 846 577 910 aliquem
595 845 672 895 lesit.
702 844 732 893 Si
769 846 830 909 quie
846 848 991 895 resurrexit
1007 845 1073 895 iilius
1090 846 1199 895 hominis
1212 847 1301 896 ador·

202 929 335 984 postrema
346 920 402 971 irae
412 920 464 971 duo
475 921 589 970 earmina
607 934 654 983 per
672 920 732 969 sub·
769 921 926 971 utentibus:
966 922 1033 973 Huc
1061 936 1089 970 ae
1117 922 1207 984 legisse
1234 921 1300 972 dicit

202 996 383 1058 mutationem,
398 996 415 1047 i.
433 1011 458 1046 e.
475 1010 524 1061 per
542 997 678 1046 advenum
693 995 733 1045 in·
769 998 952 1060 Hieronymus.
985 996 1059 1048 Quod
1073 997 1130 1060 pins
1140 1012 1214 1061 quum
1224 996 1305 1068 qssius'

201 1072 343 1130 serisseris,
363 1072 474 1122 lucidior
489 1073 541 1123 erit
556 1086 664 1123 aeneus:
682 1071 732 1121 soi·
770 1074 855 1136 gentis
867 1069 990 1122 fratribus
1005 1074 1083 1123 semel
1102 1074 1261 1137 apperuerit,
1271 1075 1297 1124 id

201 1145 372 1197 teudinus
388 1154 483 1197 ustura
496 1155 605 1211 recepto
621 1146 733 1207 homine,
770 1148 911 1212 Apostoius
933 1155 961 1198 et
981 1162 1014 1199 ex
1037 1149 1194 1198 revelatione
1213 1156 1241 1201 et
1265 1164 1300 1206 ex

201 1224 228 1273 is.
251 1236 276 1273 e.
295 1223 466 1287 summissis,
488 1223 620 1273 destruxit
638 1236 732 1286 peuce·
770 1224 834 1275 risse
846 1224 916 1273 vocis
933 1224 1038 1275 oraculo
1054 1224 1206 1288 cognovisse
1223 1233 1301 1289 pote-

202 1305 268 1361 tum,
284 1312 331 1363 per
346 1298 416 1365 quud
432 1312 501 1349 mora
516 1297 641 1354 mundusu
656 1314 733 1349 oceo·
770 1307 820 1349 rat.
830 1314 888 1349 narn
900 1298 981 1349 dicus
997 1300 1005 1327 ‘
1014 1299 1107 1349 Plures
1115 1314 1203 1352 eorum
1212 1300 1301 1353 suune

203 1377 288 1441 parit.
769 1374 889 1426 manent?
913 1382 941 1425 et
962 1374 1091 1425 Martialis
1119 1376 1207 1435 etiam,
1233 1390 1301 1429 uuus

207 1454 634 1519 ·Mutremsems'sm]
643 1453 733 1505 innuit
771 1449 954 1514 discipulorum
985 1451 1090 1514 Christi,
1125 1452 1151 1503 iu
1183 1452 1300 1517 epistolia

200 1531 244 1582 hie
259 1533 406 1583 Dominioa
423 1533 621 1583 resurrectionis
637 1539 733 1595 myste·
770 1526 896 1589 seriptum
924 1526 1038 1591 reliquit,
1057 1541 1085 1577 ae
1113 1543 1171 1577 euru
1195 1528 1300 1581 vidisse.

203 1607 280 1669 rinus,
289 1614 317 1656 et
329 1608 404 1657 simui
414 1621 520 1657 eausam
536 1608 591 1671 ejn's
602 1606 733 1670 exprimit.
770 1602 806 1650 Et
816 1601 934 1664 ignatius
950 1602 976 1651 in
996 1602 1048 1651 suis
1065 1600 1158 1653 scribit
1168 1602 1201 1651 ad
1212 1603 1300 1667 Smyr-

203 1680 264 1733 Hoo
280 1688 376 1745 antem,
390 1696 450 1731 euos
465 1690 566 1732 naturae
576 1681 649 1744 teges
659 1682 733 1744 jura·
770 1692 875 1727 nenses:
894 1678 967 1741 ‘Ego
983 1686 1071 1729 eutem
1087 1692 1140 1728 nou
1157 1679 1238 1729 solum
1254 1693 1300 1728 ns·

203 1772 254 1821 qua
263 1758 352 1821 procui
362 1756 697 1821 transilierit‚etdiffioiiins
706 1764 734 1807 et
771 1760 826 1805 tunr
841 1768 899 1803 euro
919 1762 946 1805 et
965 1752 1128 1815 crucifixum,
1145 1756 1170 1805 in
1190 1770 1301 1821 corpore

203 1834 305 1884 tordius
315 1848 393 1898 quesn
398 1839 501 1897 uetera
508 1841 604 1886 nostras
614 1833 733 1897 redemp-
771 1841 874 1891 pessunt
886 1828 949 1891 scio,
960 1829 1006 1879 sed
1018 1831 1094 1881 etism
1104 1838 1164 1894 post
1172 1846 1300 1883 resurree-

204 1910 282 1961 tionis
292 1911 419 1974 mysteria
437 1917 735 1973 receptumatqueper·
771 1904 904 1955 tionemin
917 1920 1063 1956 earneenm
1076 1906 1152 1958 nori!
1184 1909 1219 1959 Et
1230 1910 1299 1976 quod

203 1996 306 2035 anesum
317 1993 359 2036 eat
369 1985 497 2035 mentibus
505 1979 630 2035 huminis.
665 1985 735 2035 Nam
770 1981 877 2031 ePaulo
889 1984 957 2031 risus
968 1982 1011 2044 sit,
1020 1984 1046 2031 in
1055 1982 1129 2034 Actia
1140 1984 1251 2049 legitur:
1271 1993 1299 2036 et

202 2068 232 2110 et
249 2061 372 2125 discipuli
394 2067 456 2125 post
474 2061 567 2111 suuitsa
585 2060 734 2110 manifesse·
771 2056 894 2120 corinthi,
901 2058 1040 2109 Dominum
1058 2060 1083 2107 ei
1099 2061 1260 2124 apparuisse.
1271 2069 1300 2111 et

204 2137 288 2187 tiones
299 2136 395 2186 Cirristi
413 2136 551 2185 emortuis
567 2137 683 2187 suscitati
696 2139 735 2201 ip·
770 2133 796 2181 in
811 2133 974 2183 Hierusalem
984 2148 1041 2185 cusu
1054 2142 1150 2193 ureret,
1161 2136 1301 2187 Dominum
1356 2144 1360 2153 “

204 2212 241 2262 aia
260 2210 353 2272 iactas,
371 2216 432 2275 post
448 2212 530 2261 ruditu
549 2211 640 2263 itidem
659 2227 734 2276 argo·
770 2208 865 2258 ridiase
886 2210 1082 2273 precipientem
1104 2212 1146 2261 ei:
1171 2212 1302 2277 ‘Fortium

205 2295 302 2348 menta,
320 2288 394 2351 signu
410 2295 437 2337 et
448 2287 555 2349 indicis,
565 2289 658 2354 quibus
668 2302 735 2353 pras·
771 2294 801 2337 et
820 2284 862 2337 exi
874 2288 998 2336 velociter
1009 2301 1042 2336 ex
1055 2286 1228 2347 Hierusalem,
1239 2290 1302 2353 quie

205 2364 262 2415 buit
272 2364 385 2427 reipsum
397 2364 448 2414 iltis
460 2363 556 2427 risum,
572 2363 656 2415 edisne
672 2364 735 2415 sub·
771 2376 822 2411 uun
835 2362 963 2426 recipient
982 2364 1156 2413 testimouium
1176 2370 1250 2413 tuum
1266 2363 1301 2415 de

203 2440 358 2491 dubitarunt
369 2439 404 2489 de
415 2439 485 2490 iltius
494 2442 693 2492 resurreetione.
705 2446 736 2493 ut
771 2436 830 2489 sue!
848 2444 876 2487 et
892 2439 995 2502 iusuper
1017 2438 1170 2489 addentem:
1198 2439 1302 2502 ‘vede,

200 2516 258 2579 jun
279 2516 306 2565 in
328 2517 422 2566 esaiuus
444 2531 596 2567 ascensurus
616 2518 735 2568 christus
772 2514 890 2579 qouniam
910 2530 958 2578 ego
974 2514 1000 2563 in
1017 2516 1133 2565 ustiones
1147 2516 1223 2579 longe
1240 2515 1299 2566 ruit·

205 2590 402 2655 exprobraverit
413 2591 687 2643 illisineredutitstenr
703 2594 734 2642 ii·
771 2596 824 2640 sem
838 2589 883 2640 te.'
915 2590 1012 2640 Verum
1029 2596 1058 2639 ut
1077 2590 1230 2654 ambiguitas
1246 2604 1299 2640 om·

202 2667 299 2729 torum,
313 2672 341 2716 et
353 2666 473 2717 duritiam
485 2666 571 2719 cordis
582 2666 615 2716 ad
627 2666 734 2717 creden·
768 2667 809 2717 uis
821 2666 966 2727 tolleretur,
974 2666 999 2715 iu
1008 2666 1130 2731 Symhoto
1146 2667 1216 2732 quod
1227 2666 1302 2731 Apo·

205 2742 277 2796 dum.
309 2741 482 2793 Athenienses
501 2744 574 2805 item,
585 2744 676 2795 audite
694 2758 735 2794 re·
770 2744 893 2794 stolorum
905 2744 997 2806 vulgus
1008 2743 1135 2807 appellet,
1146 2742 1298 2807 adjeeteest

204 2818 537 2870 surrentiuuemortuorum
549 2819 583 2869 ab
597 2817 736 2883 Apostoto,
771 2818 900 2883 particule
920 2818 1067 2869 Secundum
1087 2819 1243 2883 Scripturas.
1265 2834 1300 2870 ers

205 2906 265 2943 enm
275 2900 346 2943 staua
360 2894 386 2941 in
402 2892 490 2943 medio
501 2892 643 2957 Areopagi.
654 2894 735 2945 serbe
772 2894 859 2957 priore
880 2894 957 2943 Psuii
979 2893 1012 2943 ad
1040 2895 1207 2949 Corintirioss
1232 2895 1300 2947 ‘Qui

205 2968 268 3023 rite
286 2976 314 3018 et
330 2969 420 3017 salutis
440 2977 547 3019 aterna
563 2971 735 3033 ipsisannun-
772 2966 976 3033 tradit,'inqssit‚
989 2970 1078 3020 ‘nobis
1091 2970 1216 3035 inprimis
1229 2970 1299 3037 quod
1400 3026 1404 3035 ,

205 3044 296 3101 uiaret.
306 3043 440 3094 irriserunt
451 3058 519 3094 eum.
554 3045 630 3096 Quod
648 3052 735 3094 autem
772 3046 1173 3109 essccspersmquodchristus
1183 3056 1300 3097 mortuus

206 3119 334 3172 Dominus
352 3126 413 3182 post
431 3120 648 3169 resurrectionem
664 3134 735 3171 anam
771 3119 848 3169 inerit
861 3122 1034 3183 proponentis
1046 3122 1140 3172 nostris
1158 3122 1300 3173 secundum

205 3194 276 3243 risus
285 3193 322 3243 ait
336 3194 445 3256 Cephse,
461 3194 479 3244 i.
490 3208 513 3243 e.
523 3195 615 3250 Petro,
626 3201 654 3245 et
665 3193 736 3257 Apu·
771 3194 938 3259 Scripturas!
977 3194 1062 3257 igitur
1082 3210 1140 3245 oum
1157 3197 1304 3262 seripturis

205 3269 279 3319 stolis
287 3269 405 3319 omuibus
415 3270 500 3332 simul,
507 3277 535 3321 et
545 3271 662 3335 pluribus
673 3271 736 3321 vtei·
772 3270 851 3320 saoris
862 3269 1009 3333 indubitato
1020 3269 1177 3321 credendum
1189 3271 1234 3336 ait,
1243 3272 1300 3323 ebs·

206 3343 265 3406 bus,
280 3351 392 3396 testatur
415 3346 540 3399 Josnnes.
570 3347 648 3399 Quod
674 3362 736 3397 reru
774 3359 824 3410 que
843 3346 896 3395 uile
911 3346 1075 3397 hesitatione
1094 3355 1122 3397 et
1139 3348 1301 3399 Christusne

207 3433 288 3484 soors
309 3433 385 3484 quarn
404 3422 552 3485 quingentis
570 3421 694 3472 iratribus
707 3428 737 3473 et
772 3423 879 3472 mortuis
904 3423 1086 3487 rerurrexisse,
1106 3431 1136 3474 ut
1161 3425 1300 3488 perhibent

206 3495 319 3559 Jssobo,
335 3497 420 3547 nuilus
436 3500 737 3562 quatuorErsngetista·
771 3498 925 3561 Scripturas,
947 3497 1103 3548 eredendum
1123 3506 1172 3549 est.
1211 3500 1302 3553 Quen-s

206 3586 264 3621 snm
275 3586 398 3636 expresse
406 3573 545 3636 depromit.
580 3574 623 3623 De
635 3575 737 3639 appari-
772 3587 848 3638 quem
867 3580 937 3636 suut,
956 3581 984 3623 et
1001 3574 1070 3623 iuter
1088 3589 1132 3624 eoa
1148 3574 1299 3627 Ambrosius

207 3648 374 3699 tioneeuteur
391 3646 462 3697 iacta
478 3647 588 3705 Jacobs.
607 3649 737 3714 Hierony·
772 3651 915 3717 precipue,
933 3650 977 3715 qui
997 3650 1105 3715 pulchre
1125 3658 1243 3705 astruunt
1258 3668 1299 3705 re·

206 3730 395 3785 nsuatsstatur,
407 3738 435 3772 se
452 3723 545 3786 legisse
555 3725 581 3773 in
593 3725 736 3789 Evangelio
772 3727 941 3780 surrectionis
951 3726 1040 3790 iidem,
1051 3742 1128 3791 quarn
1139 3729 1301 3781 Prudentius

207 3796 277 3863 quod
300 3799 442 3847 seeundum
463 3799 593 3850 Hebraeos
620 3802 735 3865 appelta-
772 3812 862 3854 noster
881 3802 970 3869 (quem
985 3804 1072 3854 Faber
1092 3804 1172 3868 primo
1191 3806 1298 3855 inPsu-

209 3882 269 3926 tuss
284 3874 292 3900 ⁴
303 3872 430 3923 Dominus
449 3882 535 3925 autem
552 3878 602 3928 ivit
613 3877 646 3927 ad
656 3877 734 3930 Jaoo·
771 3879 824 3929 ium
834 3878 1086 3930 Commentariorum
1093 3879 1300 3931 subnomineou·

207 3950 281 4010 bum,
291 3957 320 3999 et
330 3945 452 4013 superuit
462 3950 496 4001 ei.
519 3951 659 4004 duraverat
666 3954 735 4005 enirn
767 3954 874 4020 jusdem
886 3962 1032 4005 sanctorum
1043 3954 1164 4021 adruunt)
1175 3963 1203 4007 et
1211 3956 1303 4009 Cirris-1

206 4024 331 4098 lacobus,
346 4040 375 4075 se
391 4040 442 4076 non
458 4034 630 4079 comestorum
641 4044 733 4093 psneru
773 4032 792 4081 ti
810 4039 838 4082 et
854 4033 938 4083 uernis
955 4031 1070 4081 humane
1082 4033 1299 4101 resurrectionem

209 4100 243 4155 sb
254 4101 298 4151 iiie
314 4101 439 4167 horaque
450 4104 551 4167 biberet
562 4101 733 4155 oeiicemDo·
772 4108 844 4167 erasi
861 4109 974 4157 cussssine
989 4104 1179 4165 confessusests
1213 4110 1300 4175 Equo

207 4176 372 4234 mini‚donec
389 4179 492 4230 rideret
502 4179 640 4230 Dominum
649 4193 734 4231 resur·
773 4180 901 4245 subjicere
922 4183 1023 4233 libitum
1043 4181 1104 4245 fuit,
1126 4184 1221 4249 qsribua
1240 4200 1299 4237 sese

209 4253 469 4316 gentemsmortnis.
499 4256 535 4307 Et
545 4255 668 4307 Dominus
679 4256 730 4306 sit:
773 4258 921 4323 alloquitur,
940 4260 1019 4311 hosne
1039 4262 1196 4312 uersiculos:
1216 4263 1299 4313 ‘Pei-

271 4332 389 4397 norm
399 4334 531 4388 rocus.
690 4338 810 4395 Proderit·
1178 4344 1234 4397 ³2
