3009 4909
234 380 298 450 bill
557 393 588 442 a.
610 391 793 444 auunoau
816 391 1013 443 caterona·

277 557 348 598 xiv.
370 533 578 598 Sacerdotibus
589 553 707 614 quoque
721 532 794 606 ruia,
808 543 839 594 et
855 534 996 596 ministris
1009 548 1172 616 queruntur
1185 541 1325 604 alimenta

235 635 352 715 publica
364 653 423 694 non
439 633 548 694 deberi.
591 633 728 702 Quantae
747 631 816 692 binc
829 633 984 692 verborum
996 635 1141 696 tumultur
1157 636 1324 718 increpuit?

235 734 277 792 At
289 741 402 802 contra,
417 729 500 790 nobia
515 729 602 790 etiam
622 727 743 806 privatoe
763 728 961 789 aucceaaionir
983 731 1180 800 emolumenta
1198 735 1324 796 recenti·

234 829 290 888 bur
303 827 418 906 legibue
429 827 637 904 denegantur?
652 834 683 884 et
696 843 782 885 nemo
793 825 1001 904 conqueritur:
1023 847 1082 888 noo
1095 829 1173 890 enim
1186 840 1324 909 putemne

237 923 381 1002 injuriam,
396 923 466 1002 quia
485 921 672 1001 dispendium
692 941 750 982 non
769 921 916 984 dolemua.
958 921 990 982 Si
1009 923 1193 1003 privilegium
1210 937 1326 1006 quaerat

236 1017 392 1088 Sacerdoa,
407 1027 439 1076 ut
454 1035 529 1076 onus
543 1015 672 1076 curiale*
690 1015 830 1090 declinet,
843 1018 939 1096 patria
953 1028 1043 1097 atque
1058 1019 1138 1080 avita
1151 1031 1182 1081 et
1194 1024 1324 1083 omnium

236 1113 377 1174 facultate
401 1113 624 1194 porreaaiouum
642 1111 809 1172 cedendum
833 1121 889 1172 eat.
930 1113 1087 1182 Quomodo
1105 1115 1183 1176 hauc
1197 1117 1325 1196 gentile·

235 1211 260 1270 ai
274 1211 425 1283 baberent,
438 1210 625 1289 ingravarent
637 1209 797 1288 querelam,
810 1210 891 1288 quod
904 1210 1050 1270 Sacerdos
1065 1211 1152 1272 lerina
1172 1213 1324 1274 miniaterr'i

236 1307 282 1366 eui
295 1315 374 1366 emat
384 1306 474 1366 totius
488 1305 653 1384 patrimonii
668 1305 713 1364 aui
733 1303 853 1378 damno,
866 1317 897 1365 et
909 1305 1014 1385 pri'rati
1035 1306 1181 1368 unirereoe
1194 1303 1325 1369 commo·

235 1403 336 1462 ditatio
362 1401 517 1482 dispendio
538 1421 624 1462 urum
649 1401 759 1480 publici
781 1413 927 1462 mercetur
949 1402 1104 1482 obsequiiz
1135 1403 1324 1482 prratendena

234 1499 397 1560 communia
412 1499 514 1560 aalutic
529 1499 679 1570 excubiae,
691 1497 863 1559 domeatiooe
877 1497 984 1580 inopiae
998 1517 1031 1558 ae
1045 1499 1180 1560 mercede
1192 1500 1324 1568 coleturt

236 1597 305 1674 quia
315 1596 506 1656 ministerium
521 1615 579 1654 non
594 1593 737 1667 vendidit,
752 1594 806 1655 aed
817 1594 939 1673 gratiam
954 1595 1144 1674 compararit.

252 1680 266 1704 ⁹
279 1713 335 1752 xv.
357 1693 496 1752 Conferte
516 1709 633 1751 cauaaa.
674 1691 736 1749 Voe
758 1709 899 1750 ercuaare
919 1690 1010 1751 rultia
1029 1689 1243 1764 decurionem,l
1256 1711 1325 1752 cum

239 1786 381 1847 Ecclesiae
393 1803 532 1846 excuaare
543 1805 602 1844 non
617 1785 706 1844 liceat
720 1785 921 1845 Sacerdotem.
963 1787 1137 1846 Scribuntur
1149 1796 1326 1847 testamenta

236 1883 413 1963 templorum
424 1881 576 1953 ministris,
588 1881 685 1941 nullus
697 1881 841 1961 excipitur
854 1873 1005 1962 proianua,
1017 1883 1117 1943 nullur
1131 1882 1243 1942 ultimae
1256 1902 1327 1943 con·

237 1979 369 2050 ditionis,
390 1977 488 2038 nullus
508 1979 650 2057 prodigus
674 1978 876 2039 verecundiae:
907 1978 964 2038 aoli
986 1999 1023 2039 aa
1046 1980 1183 2039 omnibua
1208 1978 1326 2040 Clerico

236 2093 392 2136 commune
409 2073 460 2150 jur
475 2073 631 2148 clauditur,
645 2095 664 2136 a
676 2094 737 2155 quo
752 2075 817 2136 aolo
830 2094 885 2156 pro
906 2075 1040 2136 omnibus
1056 2085 1155 2136 votum
1169 2095 1326 2138 commune

238 2171 406 2250 succipitur,
428 2171 555 2232 officium
574 2191 729 2232 commuue
748 2172 897 2233 defertur:
918 2172 1001 2231 nulla
1018 2172 1118 2251 legata
1131 2171 1178 2231 rel
1192 2172 1326 2252 gravium

236 2267 399 2340 viduarum,
413 2267 495 2327 nulla
509 2267 639 2328 donatio.
682 2269 721 2328 Et
731 2268 781 2328 ubi
795 2269 825 2328 in
844 2269 973 2329 moribua
987 2268 1076 2346 culpa
1088 2287 1148 2330 non
1162 2267 1327 2348 depreben-

237 2362 332 2431 ditur;
354 2375 453 2423 minen
467 2363 565 2424 officio
579 2364 689 2424 mulcta
699 2365 908 2444 proeacribitur.
940 2363 1027 2434 Quod
1042 2365 1252 2425 Sacerdotibus
1264 2365 1326 2426 lani

236 2458 377 2538 legaverit
391 2459 559 2520 Christiane
577 2459 676 2540 vidua,
698 2460 798 2520 valet:
826 2459 907 2540 quod
928 2460 1069 2520 ministris
1084 2449 1153 2531 Dei,
1164 2477 1223 2518 non
1236 2460 1325 2520 valet.

238 2554 325 2623 Quod
351 2575 417 2635 ego,
431 2575 491 2616 non
514 2567 548 2616 ut
569 2575 684 2634 querar,
699 2555 753 2616 aed
774 2565 810 2616 ut
830 2557 937 2629 acient,
951 2555 1022 2638 quid
1042 2575 1102 2616 non
1116 2573 1233 2634 querar,
1245 2575 1328 2615 com·

236 2651 378 2730 prehendi
389 2671 398 2722 ;
419 2651 498 2712 malo
510 2654 588 2712 enim
602 2670 657 2712 nor
670 2653 796 2732 peouma
807 2653 935 2713 minorea
949 2670 1026 2721 erre,
1038 2671 1127 2731 quam
1140 2652 1245 2730 gratia.

280 2763 354 2806 xvr.
376 2748 436 2807 Sed
449 2749 579 2810 referunt
592 2769 637 2823 ea,
652 2769 719 2829 quae
734 2749 781 2809 rel
794 2749 906 2811 donata
916 2747 963 2808 rel
976 2748 1079 2808 relicta
1093 2757 1163 2807 aunt
1173 2747 1326 2820 Eccleaioe,

239 2859 379 2901 nouenae
399 2851 549 2904 temerata.
592 2845 703 2905 Dicant
724 2857 755 2905 et
776 2845 833 2924 ipai
850 2844 917 2924 quie
936 2843 1054 2925 templia
1066 2844 1146 2904 dona
1159 2842 1327 2915 detraxerit,

239 2935 319 3017 quod
346 2937 455 2996 lactum
480 2949 526 2998 eat
550 2938 756 3023 Christiania!¹
790 2940 866 3009 Qua
890 2941 915 3001 ai
935 2942 1016 3000 iacta
1036 2950 1138 3000 errent
1156 2940 1325 3019 gentilibua,

239 3033 410 3092 redderetur
423 3033 519 3112 potiua
534 3053 623 3113 quam
636 3036 789 3096 inferretur
802 3036 919 3115 injuria.
961 3035 1115 3095 Nunccine
1130 3034 1246 3094 demum
1261 3035 1327 3114 jnr-

239 3129 302 3190 titia
316 3129 518 3209 praetenditur,
534 3131 657 3211 aequiter
677 3133 865 3212 portulaturl
906 3132 964 3192 Ubi
976 3141 1048 3192 tunc
1061 3140 1125 3192 erat
1135 3130 1195 3190 ista
1208 3142 1326 3192 centen-

268 3347 282 3372 ·
299 3337 448 3392 Volantbic
463 3341 592 3405 doaignari
607 3342 640 3392 ab
652 3342 763 3394 Ambra·
802 3345 873 3408 Lege
889 3343 1028 3394 recondam
1044 3342 1102 3405 ejnr
1119 3339 1261 3404 Epiatolam
1282 3336 1326 3385 na

239 3414 277 3465 aio
291 3417 467 3468 Valentinianl
481 3419 565 3482 legem
583 3433 632 3469 xx.
646 3421 689 3470 De
701 3420 763 3485 Epi·
804 3419 857 3468 rita
869 3420 1037 3469 elericorum.

240 3493 334 3556 acopir,
345 3497 395 3544 dcc.
407 3495 438 3544 ad
451 3496 589 3545 Damaanm
599 3496 677 3546 Pont.
687 3497 763 3546 Rom.
833 3500 847 3524 ⁸
865 3493 908 3542 De
917 3505 996 3542 onere
1003 3491 1093 3542 curiali
1101 3489 1203 3539 vidend.
1212 3485 1326 3552 ejuadena

237 3566 405 3631 declinatam,
416 3584 466 3636 qua
477 3570 511 3619 de
521 3569 592 3621 sacto
600 3571 693 3621 Clerici
705 3585 765 3635 pro·
803 3571 831 3622 S.
842 3569 965 3620 Praeaolia
974 3569 1094 3632 Epiatola
1104 3567 1138 3616 ad
1148 3563 1329 3626 'lbaodoainm

238 3643 391 3695 bibentura
412 3646 461 3710 plia
480 3646 639 3709 mulieribnr,
660 3661 717 3712 qno
734 3661 763 3696 ae
804 3659 861 3710 quae
872 3644 899 3694 in
909 3645 957 3694 bac
967 3642 1030 3692 edit.
1041 3648 1082 3691 eat
1093 3653 1139 3690 ιι.

238 3720 289 3770 illia
316 3722 489 3786 adjunxerint,
510 3730 668 3776 teatamento
692 3725 763 3790 quic·
834 3718 987 3782 'Intellige
1009 3714 1145 3767 Tbeodoaii
1166 3715 1250 3778 legem
1271 3727 1326 3764 crr.

239 3811 314 3866 quarn
334 3799 463 3863 accipere.
496 3800 572 3853 Quod
594 3807 680 3850 autern
700 3800 763 3850 Am-
803 3797 847 3846 De
866 3793 1063 3856 Decurioniboa,
1079 3792 1112 3841 de
1129 3805 1180 3857 qua
1197 3792 1247 3855 Ep.
1264 3799 1326 3841 ante

239 3868 339 3924 brorina
356 3874 522 3938 detrimento,
532 3874 599 3940 qnod
616 3875 704 3925 eadem
721 3877 764 3926 lea
803 3872 850 3922 cit.

240 3948 348 3999 Clericia
357 3949 497 4016 irrogabat,
507 3966 535 4002 re
543 3965 594 4002 oon
606 3952 703 4002 moveri
712 3959 764 4002 tea·
835 3948 940 4000 ‘Hanc
962 3944 1136 3996 Eccleaiararn
1155 3941 1326 4006 direptionem

240 4021 364 4086 tilicatnr,
385 4041 444 4078 cunr
470 4027 630 4092 Hieronymo
658 4027 763 4092 pulchre
803 4026 852 4077 aab
870 4025 975 4078 Juliano
995 4023 1092 4075 factam
1113 4021 1194 4072 suinae
1214 4028 1326 4072 conatat.

240 4102 385 4162 concentit;
402 4103 448 4153 aed
459 4104 500 4154 laic
511 4119 539 4154 aa
551 4104 664 4168 grariter
674 4104 763 4155 dolore
805 4103 848 4152 De
869 4118 921 4168 qna
935 4102 1036 4154 Soaom.
1052 4099 1098 4150 lib.
1115 4113 1140 4148 r·
1151 4098 1222 4148 llirt.
1231 4112 1290 4162 cap.
1300 4103 1327 4147 o.

240 4191 293 4230 non
303 4178 454 4244 diraimotat,
463 4180 532 4245 qnod
544 4182 628 4233 eidem
639 4181 691 4246 legi
701 4195 763 4231 eau-
801 4178 955 4228 lbeodoret.
969 4176 1016 4228 lib.
1029 4189 1106 4230 urm.
1118 4178 1158 4229 lt.
1176 4176 1328 4240 atTripart·
1355 4213 1362 4243 ,

240 4267 295 4306 ram
317 4256 457 4321 prebuerit
473 4256 630 4310 clericorum
646 4257 766 4310 avaritia.
806 4255 876 4307 ilict.
883 4254 929 4306 lib.
940 4266 979 4305 rr.
991 4257 1062 4306 ott.
