3009 4909
486 808 747 885 GEORGII
788 808 1063 887 FABRICII

322 1012 378 1081 ru
415 1015 626 1086 nrunos
666 1017 905 1133 Quosnuu
943 988 1218 1087 rnnnnumi

613 1218 932 1288 EXPOSITIO.

393 1650 555 1700 Aunnntr
580 1652 791 1701 PllUDENTll
817 1653 1032 1725 cnunssnnrs
1056 1654 1157 1702 VI'l'A.

228 1786 450 1853 Pnnnsnrrns
472 1794 604 1853 nascitur
630 1812 709 1853 nuno
733 1794 844 1853 Christi
872 1810 962 1856 cccn.
982 1796 1095 1876 imperii
1123 1794 1324 1867 Constantini,

227 1886 405 1958 Constantii,
420 1899 451 1949 et
465 1888 639 1949 Constantis
666 1907 716 1948 xr.
732 1890 851 1949 natione
865 1889 1029 1969 Hispanus,
1053 1892 1148 1969 petrin
1167 1889 1324 1949 Numanti·

228 2000 294 2054 nus,
310 2002 363 2045 een
377 1986 422 2060 (ut
441 1985 632 2060 recentiores)
648 1984 961 2065 Cnoson-augustanus.
994 1987 1070 2047 Cum
1083 1986 1220 2046 Julianus
1234 2003 1323 2063 opos-

227 2086 290 2140 tata
311 2078 463 2157 imperinm
486 2080 643 2160 acciperet,
667 2098 778 2139 annum
805 2079 866 2158 egit
891 2080 1037 2140 decimum
1060 2082 1207 2161 quintum,
1230 2097 1323 2158 seque

226 2188 350 2251 puerum
365 2175 474 2237 vidisse
497 2176 614 2251 scribit,
623 2175 705 2255 quod
724 2174 817 2234 milite
831 2175 960 2254 quodem
982 2177 1150 2237 Christiano
1165 2184 1322 2255 presente,

227 2269 309 2331 litere
322 2270 351 2330 iu
367 2273 460 2333 saeris
486 2274 648 2353 Imperator
672 2289 731 2332 non
753 2273 891 2352 potuerit.
933 2273 982 2333 Ad
996 2283 1115 2333 oetotem
1136 2272 1323 2332 maturiorem

226 2368 409 2444 perveniens,
424 2370 575 2431 ambitioni
590 2369 721 2430 studuit:
743 2387 813 2428 nam
833 2388 957 2431 caussas
981 2370 1053 2449 egit,
1067 2379 1097 2431 et
1110 2368 1208 2430 civilia
1230 2369 1325 2446 gessit
1358 2443 1361 2447 ι

229 2462 335 2537 officio,
350 2474 380 2524 et
399 2464 449 2543 jus
464 2464 550 2539 dixit,
563 2476 594 2525 et
611 2464 695 2526 milen
718 2463 873 2524 Palatinus
888 2464 994 2534 extitit,
1008 2463 1127 2524 demum
1143 2462 1232 2521 Urbis
1245 2480 1322 2540 prae·

225 2557 367 2619 lecturum
382 2561 507 2641 occepit.
549 2562 664 2621 Consul
679 2580 738 2620 non
753 2560 818 2633 suit,
831 2571 866 2619 ut
879 2560 1023 2621 hactenus
1047 2560 1112 2639 ejus
1125 2558 1190 2620 libri
1204 2559 1323 2617 suerunt

224 2655 377 2734 inseripti:
411 2658 462 2735 qui
486 2676 577 2731 error,
602 2676 618 2716 e
643 2658 710 2718 loeo
731 2657 834 2737 primm
856 2655 1037 2736 proeiationis
1061 2655 1138 2716 mule
1159 2652 1322 2726 intellecto,

226 2760 313 2814 natus
335 2764 401 2813 est:
422 2752 530 2839 deinde
544 2774 561 2815 e
576 2753 654 2815 notis
676 2754 825 2814 literarum
839 2752 877 2811 V.
893 2754 930 2813 C.
951 2772 1027 2833 ques
1051 2752 1147 2812 Aldus
1172 2762 1204 2810 et
1229 2749 1324 2817 lilius

225 2846 462 2926 interpretantur,
483 2850 563 2909 ‘Viri
577 2848 751 2909 Consularis
760 2847 779 2916 ς’
800 2846 855 2909 sed
869 2849 978 2908 rectius
991 2829 1137 2919 Aloiatus,
1152 2851 1160 2880 ⁶
1173 2844 1236 2903 Viri
1251 2844 1324 2905 ctass

226 2942 331 3003 nissimi
341 2943 359 3003 :'
379 2944 480 3025 sitque
495 2945 635 3007 abolitum
648 2965 685 3006 es
699 2954 787 3006 relate
802 2945 894 3007 fnisse
909 2944 1166 3016 consuetudinem,
1180 2940 1320 3022 qusquis

225 3038 388 3099 consularis
402 3032 558 3101 diceretur.
600 3041 770 3121 Aggressun
784 3040 823 3100 nd
848 3040 1036 3101 scribendum
1059 3049 1107 3101 est
1129 3057 1207 3107 enno
1225 3036 1322 3098 oetntis

227 3134 350 3214 septimo
369 3147 400 3197 et
412 3136 676 3217 quinquagesimo:
699 3136 851 3197 materiem
874 3136 1012 3196 librorum
1034 3152 1154 3194 snorum
1174 3134 1236 3210 ipse
1256 3151 1323 3212 per·

229 3232 327 3302 currit,
340 3232 370 3291 in
386 3232 559 3310 prolatione
573 3232 821 3293 Cathemerinon:

547 3328 673 3407 Hymnin
683 3326 838 3387 continuet
851 3324 926 3396 dies,

253 3416 257 3425 ’
386 3420 451 3481 Nec
465 3442 523 3482 nox
538 3423 600 3483 nlla
610 3433 706 3495 vocet,
721 3422 794 3501 quin
807 3422 967 3481 Dominum
980 3432 1089 3489 onnon

385 3516 504 3600 Pugnet
517 3529 620 3580 contro
633 3519 764 3590 hereses,
780 3514 964 3576 Catholicom
975 3513 1116 3575 discutiat
1129 3512 1227 3585 fldem,

543 3614 707 3675 Conoulcet
719 3632 804 3673 saera
817 3611 960 3691 gentium,

271 3720 272 3725 ’
387 3708 496 3769 Labern
508 3708 606 3775 Roma
617 3709 676 3770 tuis
691 3706 909 3779 interstitione,

386 3804 512 3865 Carmen
527 3807 707 3887 Martyribus
722 3806 876 3876 devoveat,
891 3803 995 3865 laudet
1008 3800 1181 3884 Apostolos.

266 3898 345 3959 Hine
360 3900 543 3980 colligimus,
565 3902 624 3962 nlin
647 3922 746 3983 opera,
765 3921 833 3980 quse
855 3900 1018 3960 Prudentio
1037 3900 1214 3970 tribuuntur,
1228 3897 1320 3977 ipsius
1347 3934 1351 3940 ι

225 4014 284 4055 non
299 4014 365 4055 esne
379 4014 386 4055 ε
409 3997 479 4075 quin
492 4000 634 4073 omnium,
642 4020 710 4078 quae
721 4019 801 4059 nuno
815 3997 897 4058 edite
910 4007 1024 4070 extent,
1038 3996 1111 4057 iacit
1123 3996 1319 4056 mentionem:

227 4094 348 4155 eliorum
373 4093 494 4171 nullam,
519 4108 552 4156 nt
578 4098 737 4159 Dittochaei
758 4098 830 4178 [leg.
846 4096 1010 4176 Diptyoli]
1034 4106 1065 4157 et
1078 4096 1266 4169 Hexa'e'meri,
1282 4098 1321 4157 de

227 4192 332 4274 quibus
347 4194 425 4275 apud
442 4193 640 4255 Gennadium.
684 4194 730 4255 De
746 4193 982 4275 Psyohomaohia
993 4192 1124 4273 ejusdem
1135 4194 1267 4255 Alcimus
1281 4196 1320 4255 od
