3009 4909
503 412 669 462 annsrro
694 410 910 461 sruuaour.
1186 398 1252 460 ⁶85

165 552 219 617 Fue
237 558 290 617 init
309 566 343 616 ut
362 559 472 637 pa'reus
494 556 543 616 ille
563 555 728 615 clementias
751 564 859 614 vestre
879 554 910 612 in
930 572 962 613 re
981 552 1078 613 adhuc
1098 570 1176 612 nors
1191 572 1252 612 oon

164 652 270 713 mseret
283 654 434 713 insidiam.
478 652 557 711 Num
568 661 668 731 potest
681 650 770 710 etiem
783 649 870 709 nobis
884 648 989 708 eadem
997 648 1132 709 defensio
1141 667 1251 709 conse·

164 750 228 820 nire,
242 750 437 819 dimitemus,
456 746 537 825 quod
553 746 738 805 meminimus
752 742 971 823 improbatum?

172 864 273 904 -srrn
295 844 434 922 Accipiat
460 840 609 901 eternitas
634 850 734 900 vestre
757 838 817 899 siis
839 838 971 917 ejusdem
995 838 1135 918 principis
1159 838 1250 911 secte,

162 958 222 1015 que
236 939 264 995 in
284 957 374 997 osum
389 935 508 1015 dignius
522 936 629 995 trahat.
673 934 723 992 Nil
746 932 796 991 ilie
818 932 966 1012 decerpsit
990 950 1140 993 sucturum
1164 935 1251 1011 virgi·

161 1054 223 1091 num
237 1033 396 1113 privilegiis
407 1041 435 1091 ι·
456 1031 576 1111 replerit
600 1028 745 1089 nobilibus
766 1027 943 1099 sacerdotie‚
959 1029 1101 1088 Romanis
1114 1030 1249 1089 cedmo-

161 1130 210 1187 niis
223 1148 281 1187 non
303 1129 427 1208 negavit
444 1128 613 1205 irnpcnsas:
634 1136 666 1186 et
679 1144 732 1203 pcr
745 1143 849 1184 omncs
867 1124 931 1183 sies
948 1136 1068 1183 tetcrnoe
1084 1123 1184 1195 Urbis,
1195 1124 1250 1184 ire.

159 1237 214 1284 turn
228 1237 351 1285 secutus
373 1226 526 1295 Senatum,
551 1222 623 1283 sidit
646 1222 765 1301 placido
789 1240 841 1280 ore
863 1220 997 1291 delubra,
1019 1221 1091 1299 legit
1108 1222 1251 1300 inscripta

159 1321 278 1399 fastigiis
304 1322 437 1380 Deorum
462 1322 600 1391 nominet
628 1327 820 1398 percontatus
844 1328 891 1376 est
912 1316 1087 1395 templorum
1111 1318 1250 1396 origines,

158 1417 272 1475 miratus
287 1426 336 1475 est
350 1415 531 1475 conditores.
574 1415 711 1492 Cumque
724 1413 800 1473 aiias
814 1412 972 1491 religiones
991 1413 1055 1491 ipse
1069 1423 1249 1491 sequeretur,

159 1511 208 1569 hus
221 1512 353 1572 serravit
371 1511 502 1589 imperio.
544 1511 622 1570 Suus
646 1511 724 1570 euim
746 1510 852 1587 cuique
877 1528 952 1581 usos,
969 1527 1042 1569 suus
1055 1508 1163 1586 cuique
1178 1509 1250 1569 ritus

158 1618 208 1666 est.
249 1606 360 1665 Varios
384 1604 525 1665 custodes
547 1606 680 1677 urbibus,
698 1614 729 1665 et
739 1604 861 1665 cultus*
881 1624 965 1663 meos
978 1604 1080 1664 divina
1091 1603 1250 1664 distribuit.

160 1701 196 1759 Ut
207 1702 318 1761 enimse
333 1701 534 1771 nascentibus,
548 1700 589 1759 ita
603 1700 719 1779 populis
741 1698 849 1759 fatales
870 1700 947 1777 genii
967 1699 1148 1759 dividuntur.
1190 1702 1250 1759 Ac·

158 1796 230 1856 cedit
248 1796 387 1867 utilitas,⁸
406 1817 475 1875 quse
489 1796 615 1855 maxime
628 1794 740 1855 homini
754 1795 835 1855 Deos
847 1796 962 1856 usserit.
1003 1796 1161 1855 Nemeum
1176 1798 1251 1857 ratio

158 1894 246 1953 omnis
271 1894 304 1951 in
333 1905 433 1973 operto
454 1892 503 1964 sit,
521 1892 600 1952 uude
621 1892 729 1953 rectius
745 1910 834 1971 qoem
849 1892 887 1951 de
901 1893 1042 1953 memoria
1055 1904 1144 1971 etque
1158 1893 1251 1952 docn-

159 1990 258 2049 mentis
274 2008 375 2049 rerum
386 1987 585 2048 secundarum
594 1988 724 2066 cognitio
732 1988 814 2047 seuit
827 1988 1000 2047 numinumi
1040 1990 1107 2048 Jem
1122 1990 1147 2049 si
1161 1988 1252 2067 longa

159 2096 226 2143 etas
255 2084 466 2144 anctoritatem
489 2082 680 2162 religionibus
707 2084 809 2156 iaciat,
830 2083 975 2144 servanda
998 2095 1045 2143 est
1067 2085 1252 2145 tutamentis

160 2179 271 2247 fldess·
291 2190 328 2240 et
351 2180 494 2259 sequendi
519 2191 588 2241 suut
612 2180 696 2239 uobis
720 2190 868 2259 pmentcs,
889 2178 940 2257 qui
963 2179 1057 2240 secuti
1074 2188 1146 2238 suut
1159 2180 1252 2239 fclici-

160 2287 295 2337 tersuos.

197 2392 244 2431 rx.
267 2372 398 2431 Romsrn
412 2390 493 2432 nunc
508 2382 643 2451 potemus
659 2372 809 2445 assistere,
830 2381 920 2451 atque
939 2372 984 2432 his
997 2374 1150 2433 uobiscum
1164 2390 1252 2451 agere

159 2469 361 2529 sermonibus:
389 2469 493 2547 optimi
520 2468 678 2547 principes,
702 2478 803 2549 patres
825 2467 941 2545 patrie,
964 2468 1134 2529 reveremini
1158 2486 1253 2528 nnnos

158 2581 245 2635 meos,
269 2565 303 2622 iu
329 2582 405 2641 quos
425 2582 472 2625 me
492 2564 559 2644 pius
584 2566 657 2625 ritus
680 2564 815 2625 sdduxit.
859 2565 933 2625 Utar
952 2564 1126 2625 cerimoniis
1146 2562 1251 2629 esitius

158 2660 357 2738 nequeenim
378 2660 510 2738 poenitet.
552 2658 657 2720 Visam
681 2680 762 2721 more
785 2680 868 2729 meos
890 2660 1152 2739 quisliberusuru.
1195 2658 1253 2717 Hic

159 2754 250 2815 cuitus
275 2756 308 2814 iu
334 2754 414 2834 leges
436 2774 517 2815 υκαι
541 2756 640 2815 orbem
662 2754 796 2834 redegit:
818 2757 992 2815 hucc.sacru
1014 2752 1212 2813 Hannibalem
1235 2772 1253 2813 a

159 2852 313 2923 munibus,
338 2870 356 2909 a
378 2850 524 2929 Capitolio
545 2852 681 2911 Senones
698 2852 879 2929 repulerunt.
919 2850 968 2911 Ad
981 2850 1039 2911 hoc
1051 2868 1124 2928 ergo
1137 2860 1253 2910 serrata

158 2965 230 3019 sum,
244 2958 280 3005 ut
293 2947 434 3024 iungere
447 2946 667 3025 reprehendet?
706 2948 817 3007 Videro
838 2946 919 3027 quod
940 2945 1152 3007 instituendum
1165 2955 1251 3025 puts·

158 3052 215 3109 tur:
230 3061 300 3101 sess
313 3052 413 3101 minen
425 3052 453 3101 et
468 3042 682 3103 contumeliosa
695 3044 863 3104 emendatio
876 3045 1049 3105 senectutis.

196 3157 229 3198 u.
253 3138 338 3217 Ergo
353 3136 418 3197 Diis
441 3137 554 3217 patriis,
576 3138 641 3199 Diis
665 3138 865 3219 indigetibus·
884 3158 987 3218 pacem
1009 3158 1158 3217 rogamus.
1201 3138 1252 3197 AE·

186 3314 199 3347 ¹
214 3315 389 3365 Maecilium
403 3315 447 3365 tib.
463 3326 514 3365 xrs.
526 3331 549 3367 e.
562 3318 602 3367 tt.
619 3316 686 3365 con·
711 3348 713 3353 -
728 3319 784 3368 snit
800 3332 859 3367 esse
869 3316 1022 3369 utilitatem:
1042 3316 1088 3365 sed
1100 3329 1150 3365 uou
1161 3313 1253 3365 sudeus

158 3390 242 3440 atsutii
260 3391 291 3439 in
310 3390 401 3439 urbem
419 3390 560 3453 ingressum
576 3404 686 3440 sommo·
727 3394 803 3444 modo
812 3395 879 3444 isne
891 3393 1027 3445 detiuiuut.

156 3466 340 3529 rationemque
351 3463 609 3531 describit,adqosru
618 3465 686 3517 usud
758 3476 778 3500 ¹
801 3470 875 3519 Boas.
902 3467 965 3519 edit.
992 3468 1047 3518 sois
1074 3467 1147 3516 tstiss
1172 3467 1254 3517 sossii

157 3542 233 3591 dubie
243 3541 364 3591 utiuders
376 3541 456 3591 sciuit
469 3542 644 3605 Symmachus.
719 3543 794 3610 fides.

186 3616 195 3649 ί
209 3618 282 3667 diss.
294 3616 394 3680 aliquot
405 3616 483 3665 Deam
492 3616 598 3665 norim.
759 3629 773 3653 ¹·
788 3620 850 3669 Mas.
862 3634 913 3670 uon
924 3619 1000 3685 pauci
1019 3618 1077 3669 Diis
1089 3619 1177 3683 patriis
1191 3618 1255 3668 isdi-

186 3692 198 3725 1
215 3694 261 3743 lta
273 3706 362 3742 omues
370 3691 447 3741 editt.
459 3692 522 3741 Mus.
534 3700 621 3742 sotem
632 3691 688 3741 fere
725 3696 828 3761 putu,
838 3695 944 3761 qnidam
955 3702 1077 3758 corrupte
1085 3694 1253 3756 indigentibus.

149 3774 189 3822 ¹sd
208 3788 292 3824 muru
313 3772 439 3822 omittunt
464 3773 688 3835 conjunctionem
728 3773 797 3823 Saue
821 3772 923 3837 quidem
944 3771 1017 3834 virg.
1031 3770 1128 3832 θοοῖς.
1149 3783 1168 3817 r.
1192 3781 1253 3817 cou-

157 3864 204 3899 usc
224 3848 306 3914 pauci
327 3860 429 3911 qnoque
444 3845 584 3896 dictionem
595 3849 689 3906 causas
723 3847 834 3911 junctius
845 3846 921 3910 pouit
934 3845 997 3895 ‘Dii
1015 3844 1091 3909 patrii
1104 3842 1230 3906 indigetes
1237 3842 1254 3902 ς’

159 3925 233 3987 eujus
243 3922 380 3984 iocoiegit
391 3920 687 3972 srdidssessstiscitutus
727 3928 757 3971 st
774 3922 836 3971 uitii
852 3919 963 3984 impedit
978 3920 1113 3984 qsromiuus
1129 3916 1180 3965 duo
1196 3917 1254 3967 haec

155 3998 278 4063 jsnrsup.
291 3998 433 4046 Pessinos.
728 3996 832 4047 nuusiua
841 3994 1008 4059 Symmseirus
1018 3992 1144 4042 diviserit.
1185 3992 1254 4043 Nasu

188 4074 195 4107 ¹
214 4076 355 4139 Epictetus
373 4072 477 4122 Euchir.
492 4087 549 4135 cap.
567 4084 688 4125 xxxsrrr.
729 4078 759 4121 ut
769 4084 820 4120 nou
831 4084 890 4119 raro
901 4069 1029 4133 indigetes
1042 4082 1089 4132 pro
1104 4066 1195 4117 iisdem
1215 4083 1256 4119 ac·

159 4146 689 4214 mmsis-pstmtetsertstststr.
729 4146 869 4210 cipiantur,
892 4143 936 4207 qui
963 4144 1086 4193 dicontur
1112 4159 1128 4192 ι
1154 4144 1255 4195 Grecis

159 4227 277 4293 Uterque
295 4238 360 4289 ergo
374 4225 481 4287 pietatis
494 4224 688 4275 tundamentum
728 4220 894 4284 essitasps’ss
904 4219 943 4269 sai
953 4218 1077 4284 ineptum
1087 4234 1157 4287 sepe
1167 4229 1254 4271 tumen
