<?xml version="1.0" encoding="UTF-8"?>
<!DOCTYPE html PUBLIC "-//W3C//DTD XHTML 1.0 Transitional//EN"
    "http://www.w3.org/TR/xhtml1/DTD/xhtml1-transitional.dtd">
<html xmlns="http://www.w3.org/1999/xhtml" xml:lang="en" lang="en">
 <head>
  <title>
</title>
<meta http-equiv="Content-Type" content="text/html;charset=utf-8" />
  <meta name='ocr-system' content='tesseract 3.04.00' />
  <meta name='ocr-capabilities' content='ocr_page ocr_carea ocr_par ocr_line ocrx_word'/>
</head>
<body>
  <div class='ocr_page' id='page_1' title='image "./operaomniaexedi02prudgoog/operaomniaexedi02prudgoog_0081.png"; bbox 0 0 3009 4909; ppageno 0'>
   <div class='ocr_carea' id='block_1_1' title="bbox 521 374 1271 439">
    <p class='ocr_par' dir='ltr' id='par_1_1' title="bbox 521 374 1271 439">
     <span class='ocr_line' id='line_1_1' title="bbox 521 374 1271 439; baseline 0.011 -8"><span class='ocrx_word' id='word_1_1' title='bbox 521 384 685 433; x_wconf 75' lang='lat' dir='ltr'><strong>aunario</strong></span> <span class='ocrx_word' id='word_1_2' title='bbox 709 384 925 435; x_wconf 75' lang='lat' dir='ltr'><strong>sruutcttr.</strong></span> <span class='ocrx_word' id='word_1_3' title='bbox 1205 374 1271 439; x_wconf 77' lang='grc'><strong>683</strong></span> 
     </span>
    </p>
   </div>
   <div class='ocr_carea' id='block_1_2' title="bbox 167 523 1272 2422">
    <p class='ocr_par' dir='ltr' id='par_1_2' title="bbox 173 523 1272 1177">
     <span class='ocr_line' id='line_1_2' title="bbox 217 523 1272 609; baseline 0.008 -28"><span class='ocrx_word' id='word_1_4' title='bbox 217 542 254 583; x_wconf 83' lang='grc' dir='ltr'><strong>ιι.</strong></span> <span class='ocrx_word' id='word_1_5' title='bbox 276 523 405 583; x_wconf 88' lang='lat' dir='ltr'><strong>Gemino</strong></span> <span class='ocrx_word' id='word_1_6' title='bbox 426 524 517 603; x_wconf 79' lang='lat' dir='ltr'><strong>igitur</strong></span> <span class='ocrx_word' id='word_1_7' title='bbox 536 524 655 585; x_wconf 83' lang='lat' dir='ltr'><strong>iunctus</strong></span> <span class='ocrx_word' id='word_1_8' title='bbox 676 525 786 595; x_wconf 84' lang='lat' dir='ltr'><strong>officio,</strong></span> <span class='ocrx_word' id='word_1_9' title='bbox 806 538 838 586; x_wconf 87' lang='lat' dir='ltr'><strong>et</strong></span> <span class='ocrx_word' id='word_1_10' title='bbox 854 528 1060 607; x_wconf 75' lang='lat' dir='ltr'><strong>utproeiectus</strong></span> <span class='ocrx_word' id='word_1_11' title='bbox 1076 540 1173 590; x_wconf 84' lang='lat' dir='ltr'><strong>vester</strong></span> <span class='ocrx_word' id='word_1_12' title='bbox 1185 544 1272 609; x_wconf 80' lang='lat' dir='ltr'><strong>gesta</strong></span> 
     </span>
     <span class='ocr_line' id='line_1_3' title="bbox 176 618 1270 701; baseline 0.009 -25"><span class='ocrx_word' id='word_1_13' title='bbox 176 618 291 695; x_wconf 86' lang='lat' dir='ltr'><strong>publicu</strong></span> <span class='ocrx_word' id='word_1_14' title='bbox 317 638 492 699; x_wconf 87' lang='lat' dir='ltr'><strong>prosequor,</strong></span> <span class='ocrx_word' id='word_1_15' title='bbox 519 632 549 681; x_wconf 86' lang='lat' dir='ltr'><strong>st</strong></span> <span class='ocrx_word' id='word_1_16' title='bbox 582 632 616 681; x_wconf 89' lang='lat' dir='ltr'><strong>ut</strong></span> <span class='ocrx_word' id='word_1_17' title='bbox 640 622 757 701; x_wconf 76' lang='lat' dir='ltr'><strong>legatus</strong></span> <span class='ocrx_word' id='word_1_18' title='bbox 782 622 889 683; x_wconf 81' lang='lat' dir='ltr'><strong>civium</strong></span> <span class='ocrx_word' id='word_1_19' title='bbox 918 624 1059 686; x_wconf 71' lang='lat' dir='ltr'><strong>mandata</strong></span> <span class='ocrx_word' id='word_1_20' title='bbox 1082 627 1270 687; x_wconf 84' lang='lat' dir='ltr'><strong>commendo.</strong></span> 
     </span>
     <span class='ocr_line' id='line_1_4' title="bbox 176 714 1270 799; baseline 0.01 -28"><span class='ocrx_word' id='word_1_21' title='bbox 176 714 263 773; x_wconf 85' lang='lat' dir='ltr'><strong>Nulla</strong></span> <span class='ocrx_word' id='word_1_22' title='bbox 285 726 333 774; x_wconf 86' lang='lat' dir='ltr'><strong>est</strong></span> <span class='ocrx_word' id='word_1_23' title='bbox 352 715 403 777; x_wconf 88' lang='lat' dir='ltr'><strong>hie</strong></span> <span class='ocrx_word' id='word_1_24' title='bbox 427 714 573 777; x_wconf 71' lang='lat' dir='ltr'>dissensio</span> <span class='ocrx_word' id='word_1_25' title='bbox 594 716 794 784; x_wconf 74' lang='lat' dir='ltr'><strong>voluntatum:</strong></span> <span class='ocrx_word' id='word_1_26' title='bbox 816 720 888 799; x_wconf 78' lang='lat' dir='ltr'><strong>quia</strong></span> <span class='ocrx_word' id='word_1_27' title='bbox 902 719 966 798; x_wconf 86' lang='lat' dir='ltr'><strong>jem</strong></span> <span class='ocrx_word' id='word_1_28' title='bbox 990 720 1110 781; x_wconf 87' lang='lat' dir='ltr'><strong>credere</strong></span> <span class='ocrx_word' id='word_1_29' title='bbox 1136 722 1270 783; x_wconf 83' lang='lat' dir='ltr'><strong>homines</strong></span> 
     </span>
     <span class='ocr_line' id='line_1_5' title="bbox 174 808 1269 894; baseline 0.008 -26"><span class='ocrx_word' id='word_1_30' title='bbox 174 808 324 869; x_wconf 84' lang='lat' dir='ltr'><strong>desierunt</strong></span> <span class='ocrx_word' id='word_1_31' title='bbox 344 810 507 871; x_wconf 88' lang='lat' dir='ltr'><strong>aulicomm</strong></span> <span class='ocrx_word' id='word_1_32' title='bbox 528 832 561 873; x_wconf 85' lang='lat' dir='ltr'><strong>se</strong></span> <span class='ocrx_word' id='word_1_33' title='bbox 582 812 681 873; x_wconf 86' lang='lat' dir='ltr'><strong>studio</strong></span> <span class='ocrx_word' id='word_1_34' title='bbox 701 828 866 894; x_wconf 61' lang='lat' dir='ltr'><strong>praestare:</strong></span> <span class='ocrx_word' id='word_1_35' title='bbox 885 816 911 875; x_wconf 88' lang='lat' dir='ltr'><strong>si</strong></span> <span class='ocrx_word' id='word_1_36' title='bbox 931 815 1111 893; x_wconf 85' lang='lat' dir='ltr'><strong>discrepent.</strong></span> <span class='ocrx_word' id='word_1_37' title='bbox 1152 818 1269 888; x_wconf 70' lang='lat' dir='ltr'><strong>Amori,</strong></span> 
     </span>
     <span class='ocr_line' id='line_1_6' title="bbox 175 905 1269 990; baseline 0.008 -27"><span class='ocrx_word' id='word_1_38' title='bbox 175 906 239 975; x_wconf 85' lang='lat' dir='ltr'><strong>coli,</strong></span> <span class='ocrx_word' id='word_1_39' title='bbox 264 905 361 983; x_wconf 75' lang='lat' dir='ltr'><strong>diligi,</strong></span> <span class='ocrx_word' id='word_1_40' title='bbox 383 908 479 986; x_wconf 87' lang='lat' dir='ltr'><strong>majus</strong></span> <span class='ocrx_word' id='word_1_41' title='bbox 500 906 619 987; x_wconf 85' lang='lat' dir='ltr'><strong>imperio</strong></span> <span class='ocrx_word' id='word_1_42' title='bbox 637 920 694 967; x_wconf 88' lang='lat' dir='ltr'><strong>est.</strong></span> <span class='ocrx_word' id='word_1_43' title='bbox 735 910 811 977; x_wconf 88' lang='lat' dir='ltr'><strong>Quis</strong></span> <span class='ocrx_word' id='word_1_44' title='bbox 835 910 911 969; x_wconf 82' lang='lat' dir='ltr'><strong>ierat</strong></span> <span class='ocrx_word' id='word_1_45' title='bbox 931 910 1063 971; x_wconf 78' lang='lat' dir='ltr'><strong>obfuisse</strong></span> <span class='ocrx_word' id='word_1_46' title='bbox 1087 912 1269 990; x_wconf 80' lang='lat' dir='ltr'><strong>Reipublicoe</strong></span> 
     </span>
     <span class='ocr_line' id='line_1_7' title="bbox 173 1001 1270 1086; baseline 0.007 -27"><span class='ocrx_word' id='word_1_47' title='bbox 173 1001 284 1078; x_wconf 77' lang='lat' dir='ltr'><strong>privata</strong></span> <span class='ocrx_word' id='word_1_48' title='bbox 305 1002 490 1061; x_wconf 72' lang='lat' dir='ltr'><strong>certamina?</strong></span> <span class='ocrx_word' id='word_1_49' title='bbox 531 1002 644 1063; x_wconf 83' lang='lat' dir='ltr'><strong>Merito</strong></span> <span class='ocrx_word' id='word_1_50' title='bbox 663 1002 731 1063; x_wconf 80' lang='lat' dir='ltr'><strong>illos</strong></span> <span class='ocrx_word' id='word_1_51' title='bbox 755 1006 885 1066; x_wconf 86' lang='lat' dir='ltr'><strong>Senatus</strong></span> <span class='ocrx_word' id='word_1_52' title='bbox 899 1006 1074 1085; x_wconf 76' lang='lat' dir='ltr'><strong>insequitur,</strong></span> <span class='ocrx_word' id='word_1_53' title='bbox 1096 1009 1148 1085; x_wconf 92' lang='lat' dir='ltr'><strong>qui</strong></span> <span class='ocrx_word' id='word_1_54' title='bbox 1165 1020 1270 1086; x_wconf 84' lang='lat' dir='ltr'><strong>poteo·</strong></span> 
     </span>
     <span class='ocr_line' id='line_1_8' title="bbox 174 1096 817 1177; baseline 0.012 -24"><span class='ocrx_word' id='word_1_55' title='bbox 174 1096 240 1153; x_wconf 72' lang='lat' dir='ltr'><strong>uam</strong></span> <span class='ocrx_word' id='word_1_56' title='bbox 255 1116 344 1155; x_wconf 86' lang='lat' dir='ltr'><strong>suam</strong></span> <span class='ocrx_word' id='word_1_57' title='bbox 359 1097 448 1155; x_wconf 78' lang='lat' dir='ltr'><strong>famae</strong></span> <span class='ocrx_word' id='word_1_58' title='bbox 461 1098 599 1176; x_wconf 85' lang='lat' dir='ltr'><strong>principis</strong></span> <span class='ocrx_word' id='word_1_59' title='bbox 613 1099 817 1177; x_wconf 64' lang='lat' dir='ltr'><strong>protulerunt.</strong></span> 
     </span>
    </p>

    <p class='ocr_par' dir='ltr' id='par_1_3' title="bbox 167 1192 1270 2035">
     <span class='ocr_line' id='line_1_9' title="bbox 212 1192 1268 1273; baseline 0.009 -24"><span class='ocrx_word' id='word_1_60' title='bbox 212 1211 269 1251; x_wconf 90' lang='lat'>111.</span> <span class='ocrx_word' id='word_1_61' title='bbox 293 1193 407 1253; x_wconf 85' lang='lat' dir='ltr'><strong>Noster</strong></span> <span class='ocrx_word' id='word_1_62' title='bbox 427 1204 525 1253; x_wconf 83' lang='lat' dir='ltr'><strong>eutem</strong></span> <span class='ocrx_word' id='word_1_63' title='bbox 547 1192 630 1253; x_wconf 83' lang='lat' dir='ltr'><strong>lobor</strong></span> <span class='ocrx_word' id='word_1_64' title='bbox 651 1213 703 1273; x_wconf 91' lang='lat' dir='ltr'><strong>pro</strong></span> <span class='ocrx_word' id='word_1_65' title='bbox 725 1193 884 1255; x_wconf 84' lang='lat' dir='ltr'><strong>clementia</strong></span> <span class='ocrx_word' id='word_1_66' title='bbox 902 1204 1002 1255; x_wconf 85' lang='lat' dir='ltr'><strong>restra</strong></span> <span class='ocrx_word' id='word_1_67' title='bbox 1020 1194 1103 1255; x_wconf 88' lang='lat' dir='ltr'><strong>ducit</strong></span> <span class='ocrx_word' id='word_1_68' title='bbox 1119 1198 1268 1259; x_wconf 82' lang='lat' dir='ltr'><strong>excubias.</strong></span> 
     </span>
     <span class='ocr_line' id='line_1_10' title="bbox 174 1285 1269 1371; baseline 0.01 -28"><span class='ocrx_word' id='word_1_69' title='bbox 174 1285 228 1345; x_wconf 88' lang='lat' dir='ltr'><strong>Cui</strong></span> <span class='ocrx_word' id='word_1_70' title='bbox 241 1286 325 1347; x_wconf 84' lang='lat' dir='ltr'><strong>euim</strong></span> <span class='ocrx_word' id='word_1_71' title='bbox 338 1287 435 1367; x_wconf 69' lang='lat' dir='ltr'><strong>mugit</strong></span> <span class='ocrx_word' id='word_1_72' title='bbox 453 1286 623 1347; x_wconf 87' lang='lat' dir='ltr'><strong>commodat</strong></span> <span class='ocrx_word' id='word_1_73' title='bbox 642 1288 722 1367; x_wconf 92' lang='lat' dir='ltr'><strong>quod</strong></span> <span class='ocrx_word' id='word_1_74' title='bbox 745 1290 881 1349; x_wconf 84' lang='lat' dir='ltr'><strong>instituta</strong></span> <span class='ocrx_word' id='word_1_75' title='bbox 901 1291 1055 1369; x_wconf 84' lang='lat' dir='ltr'><strong>majorum,</strong></span> <span class='ocrx_word' id='word_1_76' title='bbox 1072 1292 1152 1369; x_wconf 92' lang='lat' dir='ltr'><strong>quod</strong></span> <span class='ocrx_word' id='word_1_77' title='bbox 1167 1294 1269 1371; x_wconf 83' lang='lat' dir='ltr'><strong>patrias</strong></span> 
     </span>
     <span class='ocr_line' id='line_1_11' title="bbox 167 1380 1270 1467; baseline 0.005 -24"><span class='ocrx_word' id='word_1_78' title='bbox 167 1380 232 1461; x_wconf 83' lang='lat' dir='ltr'><strong>jure</strong></span> <span class='ocrx_word' id='word_1_79' title='bbox 242 1394 273 1443; x_wconf 86' lang='lat' dir='ltr'><strong>et</strong></span> <span class='ocrx_word' id='word_1_80' title='bbox 288 1384 355 1443; x_wconf 80' lang='lat' dir='ltr'><strong>fota</strong></span> <span class='ocrx_word' id='word_1_81' title='bbox 368 1382 565 1455; x_wconf 77' lang='lat' dir='ltr'><strong>defendimus,</strong></span> <span class='ocrx_word' id='word_1_82' title='bbox 586 1402 675 1462; x_wconf 88' lang='lat' dir='ltr'><strong>quarn</strong></span> <span class='ocrx_word' id='word_1_83' title='bbox 696 1396 858 1464; x_wconf 85' lang='lat' dir='ltr'><strong>temporum</strong></span> <span class='ocrx_word' id='word_1_84' title='bbox 875 1384 997 1465; x_wconf 61' lang='lat' dir='ltr'><strong>glorian</strong></span> <span class='ocrx_word' id='word_1_85' title='bbox 1019 1406 1088 1464; x_wconf 76' lang='lat' dir='ltr'><strong>qum</strong></span> <span class='ocrx_word' id='word_1_86' title='bbox 1101 1398 1163 1446; x_wconf 87' lang='lat' dir='ltr'><strong>tum</strong></span> <span class='ocrx_word' id='word_1_87' title='bbox 1178 1389 1270 1467; x_wconf 81' lang='lat' dir='ltr'><strong>niujor</strong></span> 
     </span>
     <span class='ocr_line' id='line_1_12' title="bbox 172 1480 1270 1561; baseline 0.004 -22"><span class='ocrx_word' id='word_1_88' title='bbox 172 1488 226 1549; x_wconf 87' lang='lat' dir='ltr'><strong>est,</strong></span> <span class='ocrx_word' id='word_1_89' title='bbox 258 1498 332 1539; x_wconf 87' lang='lat' dir='ltr'><strong>cum</strong></span> <span class='ocrx_word' id='word_1_90' title='bbox 360 1480 444 1539; x_wconf 83' lang='lat' dir='ltr'><strong>vobis</strong></span> <span class='ocrx_word' id='word_1_91' title='bbox 469 1490 573 1541; x_wconf 90' lang='lat' dir='ltr'><strong>contra</strong></span> <span class='ocrx_word' id='word_1_92' title='bbox 596 1498 706 1539; x_wconf 87' lang='lat' dir='ltr'><strong>morem</strong></span> <span class='ocrx_word' id='word_1_93' title='bbox 731 1492 885 1561; x_wconf 84' lang='lat' dir='ltr'><strong>parentum</strong></span> <span class='ocrx_word' id='word_1_94' title='bbox 909 1480 1074 1559; x_wconf 77' lang='lat' dir='ltr'><strong>intelligitis</strong></span> <span class='ocrx_word' id='word_1_95' title='bbox 1095 1481 1136 1541; x_wconf 91' lang='lat' dir='ltr'><strong>nii</strong></span> <span class='ocrx_word' id='word_1_96' title='bbox 1160 1480 1270 1543; x_wconf 77' lang='lat' dir='ltr'><strong>licere?</strong></span> 
     </span>
     <span class='ocr_line' id='line_1_13' title="bbox 173 1574 1269 1656; baseline 0.006 -23"><span class='ocrx_word' id='word_1_97' title='bbox 173 1574 347 1652; x_wconf 80' lang='lat' dir='ltr'><strong>Repetimnt</strong></span> <span class='ocrx_word' id='word_1_98' title='bbox 362 1574 451 1653; x_wconf 75' lang='lat' dir='ltr'><strong>igitur</strong></span> <span class='ocrx_word' id='word_1_99' title='bbox 465 1574 639 1653; x_wconf 78' lang='lat' dir='ltr'><strong>religionum</strong></span> <span class='ocrx_word' id='word_1_100' title='bbox 661 1584 783 1646; x_wconf 86' lang='lat' dir='ltr'><strong>statum,</strong></span> <span class='ocrx_word' id='word_1_101' title='bbox 804 1575 854 1653; x_wconf 90' lang='lat' dir='ltr'><strong>qui</strong></span> <span class='ocrx_word' id='word_1_102' title='bbox 874 1574 1057 1655; x_wconf 77' lang='lat' dir='ltr'><strong>Reipublicm</strong></span> <span class='ocrx_word' id='word_1_103' title='bbox 1078 1576 1130 1637; x_wconf 91' lang='lat' dir='ltr'><strong>diu</strong></span> <span class='ocrx_word' id='word_1_104' title='bbox 1150 1577 1269 1656; x_wconf 76' lang='lat' dir='ltr'><strong>profuit.</strong></span> 
     </span>
     <span class='ocr_line' id='line_1_14' title="bbox 171 1671 1268 1751; baseline 0.005 -20"><span class='ocrx_word' id='word_1_105' title='bbox 171 1671 256 1731; x_wconf 82' lang='lat' dir='ltr'><strong>Certe</strong></span> <span class='ocrx_word' id='word_1_106' title='bbox 271 1680 465 1731; x_wconf 84' lang='lat' dir='ltr'><strong>numerentur</strong></span> <span class='ocrx_word' id='word_1_107' title='bbox 477 1672 624 1751; x_wconf 84' lang='lat' dir='ltr'><strong>principes</strong></span> <span class='ocrx_word' id='word_1_108' title='bbox 637 1672 788 1749; x_wconf 74' lang='lat' dir='ltr'><strong>utriunque</strong></span> <span class='ocrx_word' id='word_1_109' title='bbox 806 1683 908 1744; x_wconf 84' lang='lat' dir='ltr'><strong>sectas,</strong></span> <span class='ocrx_word' id='word_1_110' title='bbox 930 1672 1083 1751; x_wconf 84' lang='lat' dir='ltr'><strong>utriusque</strong></span> <span class='ocrx_word' id='word_1_111' title='bbox 1095 1674 1268 1736; x_wconf 75' lang='lat' dir='ltr'><strong>sententias:</strong></span> 
     </span>
     <span class='ocr_line' id='line_1_15' title="bbox 170 1764 1269 1847; baseline 0.007 -23"><span class='ocrx_word' id='word_1_112' title='bbox 170 1764 345 1845; x_wconf 63' lang='lat' dir='ltr'><strong>proximus*</strong></span> <span class='ocrx_word' id='word_1_113' title='bbox 365 1786 466 1827; x_wconf 86' lang='lat' dir='ltr'><strong>corum</strong></span> <span class='ocrx_word' id='word_1_114' title='bbox 485 1767 669 1827; x_wconf 71' lang='lat' dir='ltr'><strong>cerimonias</strong></span> <span class='ocrx_word' id='word_1_115' title='bbox 691 1780 809 1847; x_wconf 82' lang='lat' dir='ltr'><strong>patrum</strong></span> <span class='ocrx_word' id='word_1_116' title='bbox 826 1767 929 1841; x_wconf 86' lang='lat' dir='ltr'><strong>coluit,</strong></span> <span class='ocrx_word' id='word_1_117' title='bbox 943 1768 1087 1829; x_wconf 76' lang='lat' dir='ltr'><strong>recentior</strong></span> <span class='ocrx_word' id='word_1_118' title='bbox 1099 1788 1159 1828; x_wconf 90' lang='lat' dir='ltr'><strong>non</strong></span> <span class='ocrx_word' id='word_1_119' title='bbox 1173 1790 1269 1831; x_wconf 90' lang='lat' dir='ltr'><strong>remo·</strong></span> 
     </span>
     <span class='ocr_line' id='line_1_16' title="bbox 171 1861 1269 1943; baseline 0.01 -26"><span class='ocrx_word' id='word_1_120' title='bbox 171 1862 223 1923; x_wconf 82' lang='lat' dir='ltr'><strong>vit.</strong></span> <span class='ocrx_word' id='word_1_121' title='bbox 269 1862 303 1921; x_wconf 91' lang='lat' dir='ltr'><strong>Si</strong></span> <span class='ocrx_word' id='word_1_122' title='bbox 319 1861 487 1942; x_wconf 75' lang='lat' dir='ltr'><strong>exemplum</strong></span> <span class='ocrx_word' id='word_1_123' title='bbox 508 1882 568 1922; x_wconf 93' lang='lat' dir='ltr'><strong>uon</strong></span> <span class='ocrx_word' id='word_1_124' title='bbox 591 1863 663 1925; x_wconf 82' lang='lat' dir='ltr'><strong>lacit</strong></span> <span class='ocrx_word' id='word_1_125' title='bbox 684 1863 787 1943; x_wconf 79' lang='lat' dir='ltr'><strong>religio</strong></span> <span class='ocrx_word' id='word_1_126' title='bbox 806 1876 949 1932; x_wconf 75' lang='lat' dir='ltr'><strong>veterum,</strong></span> <span class='ocrx_word' id='word_1_127' title='bbox 972 1863 1061 1925; x_wconf 81' lang='lat' dir='ltr'><strong>iaciat</strong></span> <span class='ocrx_word' id='word_1_128' title='bbox 1074 1864 1269 1927; x_wconf 74' lang='lat' dir='ltr'><strong>dissimulatio</strong></span> 
     </span>
     <span class='ocr_line' id='line_1_17' title="bbox 169 1958 383 2035; baseline 0.014 -19"><span class='ocrx_word' id='word_1_129' title='bbox 169 1958 383 2035; x_wconf 86' lang='lat' dir='ltr'><strong>proximorum.</strong></span> 
     </span>
    </p>

    <p class='ocr_par' dir='ltr' id='par_1_4' title="bbox 169 2054 1269 2422">
     <span class='ocr_line' id='line_1_18' title="bbox 210 2054 1269 2136; baseline 0.003 -23"><span class='ocrx_word' id='word_1_130' title='bbox 210 2074 255 2114; x_wconf 87' lang='lat' dir='ltr'><strong>rr.</strong></span> <span class='ocrx_word' id='word_1_131' title='bbox 278 2055 358 2124; x_wconf 89' lang='lat' dir='ltr'><strong>Quis</strong></span> <span class='ocrx_word' id='word_1_132' title='bbox 376 2054 418 2115; x_wconf 82' lang='lat' dir='ltr'><strong>its</strong></span> <span class='ocrx_word' id='word_1_133' title='bbox 427 2054 578 2115; x_wconf 80' lang='lat' dir='ltr'><strong>familiaris</strong></span> <span class='ocrx_word' id='word_1_134' title='bbox 586 2065 634 2115; x_wconf 86' lang='lat' dir='ltr'><strong>est</strong></span> <span class='ocrx_word' id='word_1_135' title='bbox 645 2056 789 2129; x_wconf 83' lang='lat' dir='ltr'><strong>barbaris,</strong></span> <span class='ocrx_word' id='word_1_136' title='bbox 802 2066 836 2114; x_wconf 90' lang='lat' dir='ltr'><strong>ut</strong></span> <span class='ocrx_word' id='word_1_137' title='bbox 850 2057 939 2115; x_wconf 87' lang='lat' dir='ltr'><strong>Arsm</strong></span> <span class='ocrx_word' id='word_1_138' title='bbox 947 2054 1086 2115; x_wconf 80' lang='lat' dir='ltr'><strong>Victoriae</strong></span> <span class='ocrx_word' id='word_1_139' title='bbox 1100 2074 1158 2115; x_wconf 94' lang='lat' dir='ltr'><strong>non</strong></span> <span class='ocrx_word' id='word_1_140' title='bbox 1172 2058 1269 2136; x_wconf 79' lang='lat' dir='ltr'><strong>requi·</strong></span> 
     </span>
     <span class='ocr_line' id='line_1_19' title="bbox 169 2150 1268 2231; baseline 0.004 -22"><span class='ocrx_word' id='word_1_141' title='bbox 169 2150 235 2211; x_wconf 80' lang='lat' dir='ltr'><strong>rati</strong></span> <span class='ocrx_word' id='word_1_142' title='bbox 277 2152 371 2211; x_wconf 87' lang='lat' dir='ltr'><strong>Cauti</strong></span> <span class='ocrx_word' id='word_1_143' title='bbox 392 2152 422 2211; x_wconf 91' lang='lat' dir='ltr'><strong>in</strong></span> <span class='ocrx_word' id='word_1_144' title='bbox 436 2162 587 2231; x_wconf 80' lang='lat' dir='ltr'><strong>porterum</strong></span> <span class='ocrx_word' id='word_1_145' title='bbox 604 2170 717 2223; x_wconf 87' lang='lat' dir='ltr'><strong>sumus,</strong></span> <span class='ocrx_word' id='word_1_146' title='bbox 732 2166 763 2210; x_wconf 87' lang='lat' dir='ltr'><strong>et</strong></span> <span class='ocrx_word' id='word_1_147' title='bbox 776 2151 879 2211; x_wconf 87' lang='lat' dir='ltr'><strong>talium</strong></span> <span class='ocrx_word' id='word_1_148' title='bbox 893 2169 989 2209; x_wconf 86' lang='lat' dir='ltr'><strong>rerum</strong></span> <span class='ocrx_word' id='word_1_149' title='bbox 1002 2160 1121 2211; x_wconf 77' lang='lat' dir='ltr'><strong>ostento</strong></span> <span class='ocrx_word' id='word_1_150' title='bbox 1133 2152 1268 2213; x_wconf 82' lang='lat' dir='ltr'><strong>vitamus.</strong></span> 
     </span>
     <span class='ocr_line' id='line_1_20' title="bbox 170 2245 1267 2327; baseline 0.004 -22"><span class='ocrx_word' id='word_1_151' title='bbox 170 2245 328 2308; x_wconf 86' lang='lat' dir='ltr'><strong>Reddatur</strong></span> <span class='ocrx_word' id='word_1_152' title='bbox 342 2258 439 2307; x_wconf 88' lang='lat' dir='ltr'><strong>tamen</strong></span> <span class='ocrx_word' id='word_1_153' title='bbox 462 2246 566 2309; x_wconf 87' lang='lat' dir='ltr'><strong>saltem</strong></span> <span class='ocrx_word' id='word_1_154' title='bbox 588 2247 698 2308; x_wconf 89' lang='lat' dir='ltr'><strong>nomini</strong></span> <span class='ocrx_word' id='word_1_155' title='bbox 716 2246 822 2317; x_wconf 87' lang='lat' dir='ltr'><strong>honor,</strong></span> <span class='ocrx_word' id='word_1_156' title='bbox 842 2248 892 2325; x_wconf 89' lang='lat' dir='ltr'><strong>qui</strong></span> <span class='ocrx_word' id='word_1_157' title='bbox 907 2246 1019 2306; x_wconf 89' lang='lat' dir='ltr'><strong>numini</strong></span> <span class='ocrx_word' id='word_1_158' title='bbox 1033 2246 1196 2327; x_wconf 79' lang='lat' dir='ltr'><strong>denegatus</strong></span> <span class='ocrx_word' id='word_1_159' title='bbox 1211 2259 1267 2309; x_wconf 87' lang='lat' dir='ltr'><strong>est.</strong></span> 
     </span>
     <span class='ocr_line' id='line_1_21' title="bbox 169 2341 1268 2422; baseline 0.004 -23"><span class='ocrx_word' id='word_1_160' title='bbox 169 2341 267 2401; x_wconf 79' lang='lat' dir='ltr'><strong>Multa</strong></span> <span class='ocrx_word' id='word_1_161' title='bbox 290 2342 434 2403; x_wconf 82' lang='lat' dir='ltr'><strong>Victoriae</strong></span> <span class='ocrx_word' id='word_1_162' title='bbox 455 2344 543 2405; x_wconf 88' lang='lat' dir='ltr'><strong>debet</strong></span> <span class='ocrx_word' id='word_1_163' title='bbox 564 2344 714 2408; x_wconf 71' lang='lat' dir='ltr'><strong>eternitas</strong></span> <span class='ocrx_word' id='word_1_164' title='bbox 735 2354 844 2414; x_wconf 82' lang='lat' dir='ltr'><strong>vestre,</strong></span> <span class='ocrx_word' id='word_1_165' title='bbox 862 2354 893 2402; x_wconf 89' lang='lat' dir='ltr'><strong>et</strong></span> <span class='ocrx_word' id='word_1_166' title='bbox 913 2342 1013 2402; x_wconf 86' lang='lat' dir='ltr'><strong>adhuc</strong></span> <span class='ocrx_word' id='word_1_167' title='bbox 1033 2342 1118 2422; x_wconf 89' lang='lat' dir='ltr'><strong>plura</strong></span> <span class='ocrx_word' id='word_1_168' title='bbox 1139 2343 1268 2404; x_wconf 85' lang='lat' dir='ltr'><strong>debebit.</strong></span> 
     </span>
    </p>
   </div>
   <div class='ocr_carea' id='block_1_3' title="bbox 166 2436 1269 2901">
    <p class='ocr_par' dir='ltr' id='par_1_5' title="bbox 168 2436 1269 2711">
     <span class='ocr_line' id='line_1_22' title="bbox 169 2436 1268 2521; baseline 0.004 -26"><span class='ocrx_word' id='word_1_169' title='bbox 169 2436 377 2498; x_wconf 77' lang='lat' dir='ltr'><strong>Advertentur</strong></span> <span class='ocrx_word' id='word_1_170' title='bbox 397 2438 474 2499; x_wconf 88' lang='lat' dir='ltr'><strong>hano</strong></span> <span class='ocrx_word' id='word_1_171' title='bbox 492 2450 679 2519; x_wconf 82' lang='lat' dir='ltr'><strong>potestatem,</strong></span> <span class='ocrx_word' id='word_1_172' title='bbox 701 2440 807 2518; x_wconf 85' lang='lat' dir='ltr'><strong>quibua</strong></span> <span class='ocrx_word' id='word_1_173' title='bbox 833 2438 905 2497; x_wconf 84' lang='lat' dir='ltr'><strong>nihil</strong></span> <span class='ocrx_word' id='word_1_174' title='bbox 920 2439 1048 2516; x_wconf 79' lang='lat' dir='ltr'><strong>proluit:</strong></span> <span class='ocrx_word' id='word_1_175' title='bbox 1069 2458 1127 2521; x_wconf 35' lang='lat' dir='ltr'><strong>tos·</strong></span> <span class='ocrx_word' id='word_1_176' title='bbox 1141 2440 1268 2499; x_wconf 82' lang='lat' dir='ltr'><strong>amicum</strong></span> 
     </span>
     <span class='ocr_line' id='line_1_23' title="bbox 168 2532 1269 2614; baseline 0.003 -22"><span class='ocrx_word' id='word_1_177' title='bbox 168 2532 326 2614; x_wconf 83' lang='lat' dir='ltr'><strong>triumphis</strong></span> <span class='ocrx_word' id='word_1_178' title='bbox 358 2534 552 2614; x_wconf 82' lang='lat' dir='ltr'><strong>patrocinium</strong></span> <span class='ocrx_word' id='word_1_179' title='bbox 583 2537 674 2596; x_wconf 86' lang='lat' dir='ltr'><strong>uolitc</strong></span> <span class='ocrx_word' id='word_1_180' title='bbox 703 2534 851 2595; x_wconf 85' lang='lat' dir='ltr'><strong>deserere.</strong></span> <span class='ocrx_word' id='word_1_181' title='bbox 899 2536 1024 2595; x_wconf 82' lang='lat' dir='ltr'><strong>Cunctis</strong></span> <span class='ocrx_word' id='word_1_182' title='bbox 1051 2534 1185 2613; x_wconf 88' lang='lat' dir='ltr'><strong>potentia</strong></span> <span class='ocrx_word' id='word_1_183' title='bbox 1210 2534 1269 2595; x_wconf 85' lang='lat' dir='ltr'><strong>istu</strong></span> 
     </span>
     <span class='ocr_line' id='line_1_24' title="bbox 168 2628 1202 2711; baseline 0.003 -23"><span class='ocrx_word' id='word_1_184' title='bbox 168 2631 267 2689; x_wconf 78' lang='lat' dir='ltr'><strong>sotira</strong></span> <span class='ocrx_word' id='word_1_185' title='bbox 287 2643 356 2691; x_wconf 88' lang='lat' dir='ltr'><strong>est:</strong></span> <span class='ocrx_word' id='word_1_186' title='bbox 378 2650 464 2690; x_wconf 88' lang='lat' dir='ltr'><strong>nemo</strong></span> <span class='ocrx_word' id='word_1_187' title='bbox 478 2632 634 2692; x_wconf 81' lang='lat' dir='ltr'><strong>colendam</strong></span> <span class='ocrx_word' id='word_1_188' title='bbox 651 2643 749 2710; x_wconf 76' lang='lat' dir='ltr'><strong>neget,</strong></span> <span class='ocrx_word' id='word_1_189' title='bbox 763 2650 853 2709; x_wconf 83' lang='lat' dir='ltr'><strong>quem</strong></span> <span class='ocrx_word' id='word_1_190' title='bbox 867 2632 1018 2711; x_wconf 81' lang='lat' dir='ltr'><strong>profitetur</strong></span> <span class='ocrx_word' id='word_1_191' title='bbox 1031 2628 1202 2709; x_wconf 81' lang='lat' dir='ltr'><strong>optandam.</strong></span> 
     </span>
    </p>

    <p class='ocr_par' dir='ltr' id='par_1_6' title="bbox 166 2725 1268 2901">
     <span class='ocr_line' id='line_1_25' title="bbox 208 2725 1268 2805; baseline 0.003 -23"><span class='ocrx_word' id='word_1_192' title='bbox 208 2744 241 2787; x_wconf 85' lang='lat' dir='ltr'><strong>r.</strong></span> <span class='ocrx_word' id='word_1_193' title='bbox 265 2725 358 2795; x_wconf 89' lang='lat' dir='ltr'><strong>Quod</strong></span> <span class='ocrx_word' id='word_1_194' title='bbox 374 2727 399 2785; x_wconf 89' lang='lat' dir='ltr'><strong>si</strong></span> <span class='ocrx_word' id='word_1_195' title='bbox 413 2726 500 2805; x_wconf 86' lang='lat' dir='ltr'><strong>hujus</strong></span> <span class='ocrx_word' id='word_1_196' title='bbox 515 2728 620 2787; x_wconf 86' lang='lat' dir='ltr'><strong>ominis</strong></span> <span class='ocrx_word' id='word_1_197' title='bbox 637 2746 694 2787; x_wconf 86' lang='lat' dir='ltr'><strong>uon</strong></span> <span class='ocrx_word' id='word_1_198' title='bbox 710 2738 757 2785; x_wconf 89' lang='lat' dir='ltr'><strong>est</strong></span> <span class='ocrx_word' id='word_1_199' title='bbox 771 2725 855 2804; x_wconf 79' lang='lat' dir='ltr'><strong>justu</strong></span> <span class='ocrx_word' id='word_1_200' title='bbox 867 2727 992 2796; x_wconf 70' lang='lat' dir='ltr'><strong>vitatio,¹</strong></span> <span class='ocrx_word' id='word_1_201' title='bbox 1012 2726 1193 2785; x_wconf 78' lang='lat' dir='ltr'><strong>ornamentis</strong></span> <span class='ocrx_word' id='word_1_202' title='bbox 1207 2726 1268 2785; x_wconf 87' lang='lat' dir='ltr'><strong>sal-</strong></span> 
     </span>
     <span class='ocr_line' id='line_1_26' title="bbox 166 2820 1268 2901; baseline 0.002 -20"><span class='ocrx_word' id='word_1_203' title='bbox 166 2832 222 2881; x_wconf 82' lang='lat' dir='ltr'><strong>tem</strong></span> <span class='ocrx_word' id='word_1_204' title='bbox 237 2820 342 2881; x_wconf 75' lang='lat' dir='ltr'><strong>Curiae</strong></span> <span class='ocrx_word' id='word_1_205' title='bbox 355 2822 456 2883; x_wconf 86' lang='lat' dir='ltr'><strong>decuit</strong></span> <span class='ocrx_word' id='word_1_206' title='bbox 474 2822 632 2886; x_wconf 84' lang='lat' dir='ltr'><strong>abstinere.</strong></span> <span class='ocrx_word' id='word_1_207' title='bbox 675 2822 829 2897; x_wconf 79' lang='lat' dir='ltr'><strong>Praestate,</strong></span> <span class='ocrx_word' id='word_1_208' title='bbox 845 2841 897 2883; x_wconf 94' lang='lat' dir='ltr'><strong>oro</strong></span> <span class='ocrx_word' id='word_1_209' title='bbox 911 2841 975 2895; x_wconf 85' lang='lat' dir='ltr'><strong>vos,</strong></span> <span class='ocrx_word' id='word_1_210' title='bbox 997 2831 1031 2882; x_wconf 84' lang='lat' dir='ltr'><strong>ut</strong></span> <span class='ocrx_word' id='word_1_211' title='bbox 1044 2840 1090 2893; x_wconf 81' lang='lat' dir='ltr'><strong>cn,</strong></span> <span class='ocrx_word' id='word_1_212' title='bbox 1104 2842 1171 2901; x_wconf 77' lang='lat' dir='ltr'><strong>qum</strong></span> <span class='ocrx_word' id='word_1_213' title='bbox 1185 2823 1268 2901; x_wconf 85' lang='lat' dir='ltr'><strong>pueri</strong></span> 
     </span>
    </p>
   </div>
   <div class='ocr_carea' id='block_1_4' title="bbox 160 3000 1269 4262">
    <p class='ocr_par' dir='ltr' id='par_1_7' title="bbox 160 3000 1269 3441">
     <span class='ocr_line' id='line_1_27' title="bbox 197 3000 1268 3063; baseline 0 -12"><span class='ocrx_word' id='word_1_214' title='bbox 197 3001 271 3051; x_wconf 78' lang='lat' dir='ltr'><strong>‘lta</strong></span> <span class='ocrx_word' id='word_1_215' title='bbox 288 3000 352 3051; x_wconf 77' lang='lat' dir='ltr'><strong>list.</strong></span> <span class='ocrx_word' id='word_1_216' title='bbox 371 3008 399 3051; x_wconf 83' lang='lat' dir='ltr'><strong>et</strong></span> <span class='ocrx_word' id='word_1_217' title='bbox 416 3002 492 3054; x_wconf 81' lang='lat' dir='ltr'><strong>llum.</strong></span> <span class='ocrx_word' id='word_1_218' title='bbox 510 3002 575 3052; x_wconf 83' lang='lat' dir='ltr'><strong>edit.</strong></span> <span class='ocrx_word' id='word_1_219' title='bbox 594 3001 700 3055; x_wconf 76' lang='lat' dir='ltr'><strong>Amerb.</strong></span> <span class='ocrx_word' id='word_1_220' title='bbox 772 3005 864 3063; x_wconf 75' lang='lat' dir='ltr'><strong>‘ch</strong></span> <span class='ocrx_word' id='word_1_221' title='bbox 886 3002 952 3053; x_wconf 83' lang='lat' dir='ltr'><strong>edit.</strong></span> <span class='ocrx_word' id='word_1_222' title='bbox 972 3000 1042 3063; x_wconf 66' lang='lat' dir='ltr'><strong>tajo</strong></span> <span class='ocrx_word' id='word_1_223' title='bbox 1061 3000 1147 3051; x_wconf 75' lang='lat' dir='ltr'><strong>omisis</strong></span> <span class='ocrx_word' id='word_1_224' title='bbox 1167 3016 1212 3051; x_wconf 82' lang='lat' dir='ltr'><strong>son</strong></span> <span class='ocrx_word' id='word_1_225' title='bbox 1232 3007 1268 3051; x_wconf 85' lang='lat' dir='ltr'><strong>est</strong></span> 
     </span>
     <span class='ocr_line' id='line_1_28' title="bbox 166 3076 1269 3141; baseline 0.003 -17"><span class='ocrx_word' id='word_1_226' title='bbox 166 3088 228 3125; x_wconf 80' lang='lat' dir='ltr'><strong>tero</strong></span> <span class='ocrx_word' id='word_1_227' title='bbox 246 3076 326 3126; x_wconf 79' lang='lat' dir='ltr'><strong>Erat.</strong></span> <span class='ocrx_word' id='word_1_228' title='bbox 343 3090 374 3127; x_wconf 79' lang='lat' dir='ltr'><strong>tc</strong></span> <span class='ocrx_word' id='word_1_229' title='bbox 391 3076 454 3127; x_wconf 84' lang='lat' dir='ltr'><strong>Gill.</strong></span> <span class='ocrx_word' id='word_1_230' title='bbox 468 3078 699 3129; x_wconf 70' lang='lat' dir='ltr'><strong>nedmdtsiersat.</strong></span> <span class='ocrx_word' id='word_1_231' title='bbox 739 3079 884 3141; x_wconf 70' lang='lat' dir='ltr'><strong>etunjmtu</strong></span> <span class='ocrx_word' id='word_1_232' title='bbox 894 3078 993 3127; x_wconf 70' lang='lat' dir='ltr'><strong>citatim</strong></span> <span class='ocrx_word' id='word_1_233' title='bbox 1006 3076 1039 3127; x_wconf 89' lang='lat' dir='ltr'><strong>ab</strong></span> <span class='ocrx_word' id='word_1_234' title='bbox 1047 3077 1087 3126; x_wconf 87' lang='lat' dir='ltr'><strong>bis</strong></span> <span class='ocrx_word' id='word_1_235' title='bbox 1096 3078 1161 3127; x_wconf 79' lang='lat' dir='ltr'><strong>Mss.</strong></span> <span class='ocrx_word' id='word_1_236' title='bbox 1170 3078 1269 3141; x_wconf 82' lang='lat' dir='ltr'><strong>aliquot</strong></span> 
     </span>
     <span class='ocr_line' id='line_1_29' title="bbox 167 3152 1269 3217; baseline 0.002 -16"><span class='ocrx_word' id='word_1_237' title='bbox 167 3152 315 3214; x_wconf 72' lang='lat' dir='ltr'><strong>Atiqmn</strong></span> <span class='ocrx_word' id='word_1_238' title='bbox 342 3152 447 3202; x_wconf 73' lang='lat' dir='ltr'><strong>nt&#39;rtietri</strong></span> <span class='ocrx_word' id='word_1_239' title='bbox 475 3168 559 3215; x_wconf 68' lang='lat' dir='ltr'><strong>rem</strong></span> <span class='ocrx_word' id='word_1_240' title='bbox 583 3160 701 3217; x_wconf 59' lang='lat' dir='ltr'><strong>equatur</strong></span> <span class='ocrx_word' id='word_1_241' title='bbox 740 3154 788 3205; x_wconf 84' lang='lat' dir='ltr'><strong>boc</strong></span> <span class='ocrx_word' id='word_1_242' title='bbox 808 3155 862 3205; x_wconf 84' lang='lat' dir='ltr'><strong>solo</strong></span> <span class='ocrx_word' id='word_1_243' title='bbox 882 3153 992 3213; x_wconf 80' lang='lat' dir='ltr'><strong>distant,</strong></span> <span class='ocrx_word' id='word_1_244' title='bbox 1010 3152 1079 3216; x_wconf 86' lang='lat' dir='ltr'><strong>quod</strong></span> <span class='ocrx_word' id='word_1_245' title='bbox 1100 3168 1148 3215; x_wconf 92' lang='lat' dir='ltr'><strong>pro</strong></span> <span class='ocrx_word' id='word_1_246' title='bbox 1169 3168 1216 3201; x_wconf 78' lang='lat' dir='ltr'><strong>sos</strong></span> <span class='ocrx_word' id='word_1_247' title='bbox 1232 3160 1269 3203; x_wconf 83' lang='lat' dir='ltr'><strong>est</strong></span> 
     </span>
     <span class='ocr_line' id='line_1_30' title="bbox 165 3226 1268 3293; baseline 0 -16"><span class='ocrx_word' id='word_1_248' title='bbox 165 3230 246 3277; x_wconf 74' lang='lat' dir='ltr'><strong>stadio</strong></span> <span class='ocrx_word' id='word_1_249' title='bbox 262 3242 291 3277; x_wconf 79' lang='lat' dir='ltr'><strong>ss</strong></span> <span class='ocrx_word' id='word_1_250' title='bbox 305 3232 430 3289; x_wconf 63' lang='lat' dir='ltr'><strong>pum.</strong></span> <span class='ocrx_word' id='word_1_251' title='bbox 471 3227 700 3281; x_wconf 74' lang='lat' dir='ltr'><strong>Atiniuubiret.</strong></span> <span class='ocrx_word' id='word_1_252' title='bbox 739 3235 822 3293; x_wconf 68' lang='lat' dir='ltr'><strong>ntum,</strong></span> <span class='ocrx_word' id='word_1_253' title='bbox 841 3231 931 3293; x_wconf 70' lang='lat' dir='ltr'><strong>legunt</strong></span> <span class='ocrx_word' id='word_1_254' title='bbox 944 3242 990 3277; x_wconf 75' lang='lat' dir='ltr'><strong>sos</strong></span> <span class='ocrx_word' id='word_1_255' title='bbox 1005 3230 1065 3277; x_wconf 76' lang='lat' dir='ltr'><strong>emet</strong></span> <span class='ocrx_word' id='word_1_256' title='bbox 1072 3243 1083 3284; x_wconf 92' lang='lat'><strong>,·</strong></span> <span class='ocrx_word' id='word_1_257' title='bbox 1102 3226 1192 3292; x_wconf 83' lang='lat' dir='ltr'><strong>reliqui</strong></span> <span class='ocrx_word' id='word_1_258' title='bbox 1205 3243 1268 3278; x_wconf 83' lang='lat' dir='ltr'><strong>vero</strong></span> 
     </span>
     <span class='ocr_line' id='line_1_31' title="bbox 165 3301 1267 3369; baseline 0 -18"><span class='ocrx_word' id='word_1_259' title='bbox 165 3302 229 3353; x_wconf 84' lang='lat' dir='ltr'><strong>edit.</strong></span> <span class='ocrx_word' id='word_1_260' title='bbox 242 3316 306 3355; x_wconf 90' lang='lat' dir='ltr'><strong>com</strong></span> <span class='ocrx_word' id='word_1_261' title='bbox 315 3304 379 3354; x_wconf 81' lang='lat' dir='ltr'><strong>ltlst.</strong></span> <span class='ocrx_word' id='word_1_262' title='bbox 390 3305 466 3369; x_wconf 69' lang='lat' dir='ltr'><strong>longe</strong></span> <span class='ocrx_word' id='word_1_263' title='bbox 480 3303 666 3368; x_wconf 67' lang='lat' dir='ltr'><strong>plnrlniu&#39;m</strong></span> <span class='ocrx_word' id='word_1_264' title='bbox 675 3310 700 3356; x_wconf 81' lang='lat' dir='ltr'><strong>rt</strong></span> <span class='ocrx_word' id='word_1_265' title='bbox 740 3306 824 3355; x_wconf 83' lang='lat' dir='ltr'><strong>locum</strong></span> <span class='ocrx_word' id='word_1_266' title='bbox 831 3305 868 3353; x_wconf 83' lang='lat' dir='ltr'><strong>its</strong></span> <span class='ocrx_word' id='word_1_267' title='bbox 874 3302 1013 3353; x_wconf 78' lang='lat' dir='ltr'><strong>exhibent:</strong></span> <span class='ocrx_word' id='word_1_268' title='bbox 1030 3302 1101 3363; x_wconf 61' lang='lat' dir='ltr'><strong>mss</strong></span> <span class='ocrx_word' id='word_1_269' title='bbox 1109 3301 1211 3351; x_wconf 67' lang='lat' dir='ltr'><strong>muisis</strong></span> <span class='ocrx_word' id='word_1_270' title='bbox 1221 3317 1267 3351; x_wconf 79' lang='lat' dir='ltr'><strong>sos</strong></span> 
     </span>
     <span class='ocr_line' id='line_1_32' title="bbox 160 3376 1267 3441; baseline -0.009 -4"><span class='ocrx_word' id='word_1_271' title='bbox 160 3380 239 3437; x_wconf 64' lang='lat' dir='ltr'><strong>fvit·</strong></span> <span class='ocrx_word' id='word_1_272' title='bbox 739 3386 800 3431; x_wconf 84' lang='lat' dir='ltr'><strong>esset</strong></span> <span class='ocrx_word' id='word_1_273' title='bbox 812 3378 1008 3441; x_wconf 64' lang='lat' dir='ltr'><strong>jis-stenaro.</strong></span> <span class='ocrx_word' id='word_1_274' title='bbox 1041 3376 1267 3427; x_wconf 78' lang='lat' dir='ltr'><strong>Nossatisreete.</strong></span> 
     </span>
    </p>

    <p class='ocr_par' dir='ltr' id='par_1_8' title="bbox 164 3452 1269 4262">
     <span class='ocr_line' id='line_1_33' title="bbox 198 3452 1269 3516; baseline -0.003 -11"><span class='ocrx_word' id='word_1_275' title='bbox 198 3453 213 3489; x_wconf 74' lang='lat'><strong><em>⁴</em></strong></span> <span class='ocrx_word' id='word_1_276' title='bbox 229 3454 375 3514; x_wconf 61' lang='lat' dir='ltr'><strong>mm,</strong></span> <span class='ocrx_word' id='word_1_277' title='bbox 385 3453 412 3503; x_wconf 88' lang='lat' dir='ltr'><strong>ld</strong></span> <span class='ocrx_word' id='word_1_278' title='bbox 423 3459 464 3504; x_wconf 82' lang='lat' dir='ltr'><strong>cst</strong></span> <span class='ocrx_word' id='word_1_279' title='bbox 472 3452 605 3506; x_wconf 79' lang='lat' dir='ltr'><strong>Julianus:</strong></span> <span class='ocrx_word' id='word_1_280' title='bbox 621 3469 700 3505; x_wconf 76' lang='lat' dir='ltr'><strong>recea-</strong></span> <span class='ocrx_word' id='word_1_281' title='bbox 740 3456 824 3507; x_wconf 82' lang='lat' dir='ltr'><strong>Porro</strong></span> <span class='ocrx_word' id='word_1_282' title='bbox 845 3455 921 3503; x_wconf 80' lang='lat' dir='ltr'><strong>allam</strong></span> <span class='ocrx_word' id='word_1_283' title='bbox 939 3452 1078 3503; x_wconf 82' lang='lat' dir='ltr'><strong>lectionem</strong></span> <span class='ocrx_word' id='word_1_284' title='bbox 1097 3452 1213 3516; x_wconf 87' lang='lat' dir='ltr'><strong>sequitur</strong></span> <span class='ocrx_word' id='word_1_285' title='bbox 1230 3453 1269 3502; x_wconf 91' lang='lat'><strong>0·</strong></span> 
     </span>
     <span class='ocr_line' id='line_1_34' title="bbox 166 3526 1266 3595; baseline -0.001 -16"><span class='ocrx_word' id='word_1_286' title='bbox 166 3530 223 3592; x_wconf 77' lang='lat' dir='ltr'><strong>tior,</strong></span> <span class='ocrx_word' id='word_1_287' title='bbox 236 3542 334 3592; x_wconf 79' lang='lat' dir='ltr'><strong>nempe</strong></span> <span class='ocrx_word' id='word_1_288' title='bbox 348 3528 553 3592; x_wconf 79' lang='lat' dir='ltr'><strong>Valentinianos,</strong></span> <span class='ocrx_word' id='word_1_289' title='bbox 564 3530 607 3594; x_wconf 89' lang='lat' dir='ltr'><strong>qui</strong></span> <span class='ocrx_word' id='word_1_290' title='bbox 620 3530 699 3580; x_wconf 82' lang='lat' dir='ltr'><strong>otiam</strong></span> <span class='ocrx_word' id='word_1_291' title='bbox 740 3528 818 3595; x_wconf 82' lang='lat' dir='ltr'><strong>nupb·</strong></span> <span class='ocrx_word' id='word_1_292' title='bbox 840 3529 971 3579; x_wconf 75' lang='lat' dir='ltr'><strong>Pontinos</strong></span> <span class='ocrx_word' id='word_1_293' title='bbox 993 3528 1037 3577; x_wconf 88' lang='lat' dir='ltr'><strong>lib.</strong></span> <span class='ocrx_word' id='word_1_294' title='bbox 1056 3528 1098 3577; x_wconf 85' lang='lat' dir='ltr'><strong>De</strong></span> <span class='ocrx_word' id='word_1_295' title='bbox 1117 3526 1175 3579; x_wconf 78' lang='lat' dir='ltr'><strong>civ.</strong></span> <span class='ocrx_word' id='word_1_296' title='bbox 1192 3528 1266 3579; x_wconf 80' lang='lat' dir='ltr'><strong>Rom.</strong></span> 
     </span>
     <span class='ocr_line' id='line_1_35' title="bbox 164 3600 1268 3671; baseline -0.002 -16"><span class='ocrx_word' id='word_1_297' title='bbox 164 3604 289 3671; x_wconf 78' lang='lat' dir='ltr'><strong>sequenti</strong></span> <span class='ocrx_word' id='word_1_298' title='bbox 303 3604 434 3655; x_wconf 81' lang='lat' dir='ltr'><strong>sententia</strong></span> <span class='ocrx_word' id='word_1_299' title='bbox 448 3619 508 3657; x_wconf 87' lang='lat' dir='ltr'><strong>cnm</strong></span> <span class='ocrx_word' id='word_1_300' title='bbox 526 3605 636 3657; x_wconf 76' lang='lat' dir='ltr'><strong>Veiente</strong></span> <span class='ocrx_word' id='word_1_301' title='bbox 649 3604 699 3656; x_wconf 81' lang='lat' dir='ltr'><strong>irs-</strong></span> <span class='ocrx_word' id='word_1_302' title='bbox 740 3619 816 3657; x_wconf 81' lang='lat' dir='ltr'><strong>rocss</strong></span> <span class='ocrx_word' id='word_1_303' title='bbox 834 3606 903 3667; x_wconf 65' lang='lat' dir='ltr'><strong>tipus</strong></span> <span class='ocrx_word' id='word_1_304' title='bbox 919 3603 1019 3653; x_wconf 62' lang='lat' dir='ltr'><strong>tomis</strong></span> <span class='ocrx_word' id='word_1_305' title='bbox 1035 3609 1137 3652; x_wconf 82' lang='lat' dir='ltr'><strong>mulsos</strong></span> <span class='ocrx_word' id='word_1_306' title='bbox 1157 3600 1183 3651; x_wconf 89' lang='lat' dir='ltr'><strong>lu</strong></span> <span class='ocrx_word' id='word_1_307' title='bbox 1198 3602 1268 3664; x_wconf 64' lang='lat' dir='ltr'><strong>taius</strong></span> 
     </span>
     <span class='ocr_line' id='line_1_36' title="bbox 167 3678 1269 3747; baseline -0.003 -16"><span class='ocrx_word' id='word_1_308' title='bbox 167 3690 207 3731; x_wconf 78' lang='lat' dir='ltr'><strong>tra</strong></span> <span class='ocrx_word' id='word_1_309' title='bbox 225 3679 392 3745; x_wconf 70' lang='lat' dir='ltr'><strong>significatur</strong></span> <span class='ocrx_word' id='word_1_310' title='bbox 412 3680 514 3731; x_wconf 87' lang='lat' dir='ltr'><strong>nomine</strong></span> <span class='ocrx_word' id='word_1_311' title='bbox 529 3684 698 3747; x_wconf 68' lang='lat' dir='ltr'><strong>prosim</strong></span> <span class='ocrx_word' id='word_1_312' title='bbox 738 3678 1269 3743; x_wconf 57' lang='lat' dir='ltr'><strong>autumetpunemu&#39;uuttoproecurim</strong></span> 
     </span>
     <span class='ocr_line' id='line_1_37' title="bbox 165 3754 1267 3823; baseline -0.005 -15"><span class='ocrx_word' id='word_1_313' title='bbox 165 3757 288 3808; x_wconf 77' lang='lat' dir='ltr'><strong>Adrestc</strong></span> <span class='ocrx_word' id='word_1_314' title='bbox 297 3768 385 3809; x_wconf 81' lang='lat' dir='ltr'><strong>tutem</strong></span> <span class='ocrx_word' id='word_1_315' title='bbox 395 3758 420 3807; x_wconf 85' lang='lat' dir='ltr'><strong>iu</strong></span> <span class='ocrx_word' id='word_1_316' title='bbox 432 3758 633 3823; x_wconf 73' lang='lat' dir='ltr'><strong>btedymmtclri</strong></span> <span class='ocrx_word' id='word_1_317' title='bbox 647 3760 699 3811; x_wconf 71' lang='lat' dir='ltr'><strong>tte-</strong></span> <span class='ocrx_word' id='word_1_318' title='bbox 738 3754 856 3805; x_wconf 84' lang='lat' dir='ltr'><strong>iodiesos</strong></span> <span class='ocrx_word' id='word_1_319' title='bbox 875 3756 953 3805; x_wconf 85' lang='lat' dir='ltr'><strong>etism</strong></span> <span class='ocrx_word' id='word_1_320' title='bbox 972 3754 1067 3804; x_wconf 83' lang='lat' dir='ltr'><strong>alicubi</strong></span> <span class='ocrx_word' id='word_1_321' title='bbox 1081 3754 1206 3818; x_wconf 85' lang='lat' dir='ltr'><strong>seriptum</strong></span> <span class='ocrx_word' id='word_1_322' title='bbox 1218 3755 1267 3803; x_wconf 80' lang='lat' dir='ltr'><strong>ssi·</strong></span> 
     </span>
     <span class='ocr_line' id='line_1_38' title="bbox 164 3830 1266 3899; baseline -0.006 -16"><span class='ocrx_word' id='word_1_323' title='bbox 164 3835 265 3884; x_wconf 78' lang='lat' dir='ltr'><strong>latione</strong></span> <span class='ocrx_word' id='word_1_324' title='bbox 278 3834 415 3884; x_wconf 81' lang='lat' dir='ltr'><strong>admodum</strong></span> <span class='ocrx_word' id='word_1_325' title='bbox 434 3832 698 3899; x_wconf 79' lang='lat' dir='ltr'><strong>desidenripruden·</strong></span> <span class='ocrx_word' id='word_1_326' title='bbox 738 3832 807 3883; x_wconf 81' lang='lat' dir='ltr'><strong>tutis.</strong></span> <span class='ocrx_word' id='word_1_327' title='bbox 843 3830 895 3881; x_wconf 81' lang='lat' dir='ltr'><strong>Sed</strong></span> <span class='ocrx_word' id='word_1_328' title='bbox 906 3835 1032 3895; x_wconf 68' lang='lat' dir='ltr'><strong>praestare</strong></span> <span class='ocrx_word' id='word_1_329' title='bbox 1046 3837 1166 3892; x_wconf 82' lang='lat' dir='ltr'><strong>potamos</strong></span> <span class='ocrx_word' id='word_1_330' title='bbox 1177 3830 1266 3878; x_wconf 82' lang='lat' dir='ltr'><strong>lectio·</strong></span> 
     </span>
     <span class='ocr_line' id='line_1_39' title="bbox 165 3904 1265 3975; baseline -0.004 -16"><span class='ocrx_word' id='word_1_331' title='bbox 165 3910 240 3971; x_wconf 74' lang='lat' dir='ltr'><strong>dam,</strong></span> <span class='ocrx_word' id='word_1_332' title='bbox 261 3908 471 3975; x_wconf 81' lang='lat' dir='ltr'><strong>quandoquidem</strong></span> <span class='ocrx_word' id='word_1_333' title='bbox 495 3922 545 3959; x_wconf 86' lang='lat' dir='ltr'><strong>non</strong></span> <span class='ocrx_word' id='word_1_334' title='bbox 568 3924 643 3959; x_wconf 82' lang='lat' dir='ltr'><strong>secus</strong></span> <span class='ocrx_word' id='word_1_335' title='bbox 665 3910 698 3961; x_wconf 85' lang='lat' dir='ltr'><strong>ds</strong></span> <span class='ocrx_word' id='word_1_336' title='bbox 738 3921 797 3957; x_wconf 81' lang='lat' dir='ltr'><strong>nem</strong></span> <span class='ocrx_word' id='word_1_337' title='bbox 814 3912 938 3967; x_wconf 84' lang='lat' dir='ltr'><strong>nostram,</strong></span> <span class='ocrx_word' id='word_1_338' title='bbox 953 3905 1026 3968; x_wconf 85' lang='lat' dir='ltr'><strong>eujus</strong></span> <span class='ocrx_word' id='word_1_339' title='bbox 1042 3904 1084 3953; x_wconf 86' lang='lat' dir='ltr'><strong>bie</strong></span> <span class='ocrx_word' id='word_1_340' title='bbox 1100 3911 1141 3953; x_wconf 84' lang='lat' dir='ltr'><strong>est</strong></span> <span class='ocrx_word' id='word_1_341' title='bbox 1159 3918 1265 3955; x_wconf 69' lang='lat' dir='ltr'><strong>mosot:</strong></span> 
     </span>
     <span class='ocr_line' id='line_1_40' title="bbox 164 3978 1265 4045; baseline -0.006 -10"><span class='ocrx_word' id='word_1_342' title='bbox 164 3986 217 4035; x_wconf 81' lang='lat' dir='ltr'><strong>snit</strong></span> <span class='ocrx_word' id='word_1_343' title='bbox 228 3984 379 4035; x_wconf 80' lang='lat' dir='ltr'><strong>nominibus</strong></span> <span class='ocrx_word' id='word_1_344' title='bbox 396 3998 427 4035; x_wconf 82' lang='lat' dir='ltr'><strong>sc</strong></span> <span class='ocrx_word' id='word_1_345' title='bbox 437 3984 567 4035; x_wconf 79' lang='lat' dir='ltr'><strong>sacrificiis</strong></span> <span class='ocrx_word' id='word_1_346' title='bbox 578 3998 636 4035; x_wconf 86' lang='lat' dir='ltr'><strong>cum</strong></span> <span class='ocrx_word' id='word_1_347' title='bbox 652 3986 698 4036; x_wconf 81' lang='lat' dir='ltr'><strong>int·</strong></span> <span class='ocrx_word' id='word_1_348' title='bbox 738 3982 795 4033; x_wconf 83' lang='lat' dir='ltr'><strong>Etsi</strong></span> <span class='ocrx_word' id='word_1_349' title='bbox 810 3982 909 4045; x_wconf 85' lang='lat' dir='ltr'><strong>justum</strong></span> <span class='ocrx_word' id='word_1_350' title='bbox 926 3994 978 4029; x_wconf 90' lang='lat' dir='ltr'><strong>nou</strong></span> <span class='ocrx_word' id='word_1_351' title='bbox 997 3985 1067 4028; x_wconf 83' lang='lat' dir='ltr'><strong>essct</strong></span> <span class='ocrx_word' id='word_1_352' title='bbox 1079 3978 1160 4027; x_wconf 82' lang='lat' dir='ltr'><strong>vitare</strong></span> <span class='ocrx_word' id='word_1_353' title='bbox 1171 3979 1265 4029; x_wconf 77' lang='lat' dir='ltr'><strong>uratum</strong></span> 
     </span>
     <span class='ocr_line' id='line_1_41' title="bbox 166 4054 1266 4124; baseline -0.002 -15"><span class='ocrx_word' id='word_1_354' title='bbox 166 4066 291 4123; x_wconf 77' lang='lat' dir='ltr'><strong>peratore</strong></span> <span class='ocrx_word' id='word_1_355' title='bbox 302 4058 450 4111; x_wconf 75' lang='lat' dir='ltr'><strong>christiano</strong></span> <span class='ocrx_word' id='word_1_356' title='bbox 465 4059 582 4123; x_wconf 83' lang='lat' dir='ltr'><strong>loquitur</strong></span> <span class='ocrx_word' id='word_1_357' title='bbox 593 4062 697 4124; x_wconf 77' lang='lat' dir='ltr'><strong>purtim,</strong></span> <span class='ocrx_word' id='word_1_358' title='bbox 739 4072 813 4107; x_wconf 83' lang='lat' dir='ltr'><strong>omen</strong></span> <span class='ocrx_word' id='word_1_359' title='bbox 825 4055 893 4120; x_wconf 85' lang='lat' dir='ltr'><strong>quod</strong></span> <span class='ocrx_word' id='word_1_360' title='bbox 904 4069 938 4104; x_wconf 77' lang='lat' dir='ltr'><strong>ea</strong></span> <span class='ocrx_word' id='word_1_361' title='bbox 954 4054 1061 4117; x_wconf 77' lang='lat' dir='ltr'><strong>dejecta</strong></span> <span class='ocrx_word' id='word_1_362' title='bbox 1077 4054 1200 4106; x_wconf 62' lang='lat' dir='ltr'><strong>Victoria</strong></span> <span class='ocrx_word' id='word_1_363' title='bbox 1212 4056 1266 4107; x_wconf 74' lang='lat' dir='ltr'><strong>tr·</strong></span> 
     </span>
     <span class='ocr_line' id='line_1_42' title="bbox 166 4133 1019 4203; baseline -0.005 -19"><span class='ocrx_word' id='word_1_364' title='bbox 166 4150 198 4184; x_wconf 81' lang='lat' dir='ltr'><strong>ae</strong></span> <span class='ocrx_word' id='word_1_365' title='bbox 218 4136 242 4185; x_wconf 85' lang='lat' dir='ltr'><strong>si</strong></span> <span class='ocrx_word' id='word_1_366' title='bbox 261 4150 320 4187; x_wconf 88' lang='lat' dir='ltr'><strong>cnm</strong></span> <span class='ocrx_word' id='word_1_367' title='bbox 344 4134 473 4185; x_wconf 84' lang='lat' dir='ltr'><strong>idolorum</strong></span> <span class='ocrx_word' id='word_1_368' title='bbox 491 4137 591 4187; x_wconf 85' lang='lat' dir='ltr'><strong>cultore</strong></span> <span class='ocrx_word' id='word_1_369' title='bbox 613 4136 699 4203; x_wconf 85' lang='lat' dir='ltr'><strong>loque·</strong></span> <span class='ocrx_word' id='word_1_370' title='bbox 740 4133 853 4189; x_wconf 80' lang='lat' dir='ltr'><strong>ducitur,</strong></span> <span class='ocrx_word' id='word_1_371' title='bbox 865 4134 1019 4193; x_wconf 70' lang='lat' dir='ltr'><strong>tamemttc.</strong></span> 
     </span>
     <span class='ocr_line' id='line_1_43' title="bbox 165 4220 252 4262; baseline 0.011 -1"><span class='ocrx_word' id='word_1_372' title='bbox 165 4220 252 4262; x_wconf 88' lang='lat' dir='ltr'><strong>retur.</strong></span> 
     </span>
    </p>
   </div>
   <div class='ocr_carea' id='block_1_5' title="bbox 0 0 1510 4909">
    <p class='ocr_par' dir='ltr' id='par_1_9' title="bbox 0 0 1510 4909">
     <span class='ocr_line' id='line_1_44' title="bbox 0 0 1510 4909; baseline 0 2"><span class='ocrx_word' id='word_1_373' title='bbox 0 0 1510 4909; x_wconf 95' lang='lat' dir='ltr'><strong> </strong></span> 
     </span>
    </p>
   </div>
  </div>
 </body>
</html>
