3009 4909
481 412 511 462 Β.
533 409 716 462 nunnostt
741 405 936 462 BPIS'POLA.
1192 395 1258 463 699

168 551 287 614 flumine
301 551 382 613 torst
395 551 526 633 Cybelei
566 550 652 614 Unde
667 550 789 631 Phrygii
803 561 898 622 vetes,
910 559 941 612 et
959 569 1073 631 semper
1088 551 1184 613 inrisa
1196 553 1258 613 Ro·

169 649 261 710 manis
284 667 344 708 non
366 669 460 728 oequoe
482 647 670 728 Carthaginis
693 645 836 708 nurnine?
876 646 974 714 Quem
1001 646 1161 710 leestem
1183 649 1256 722 Afri,

168 743 287 804 Mittam
304 743 414 818 Perses,
429 744 560 825 plerique
574 746 716 806 Venerem
730 743 857 817 colunt,⁸
868 763 922 825 pro
936 743 1107 806 diversitate
1120 745 1257 818 nominis,

167 859 227 900 non
242 859 295 920 pro
310 841 437 901 numinis
452 839 601 902 verietate.
644 840 694 902 Sic
714 839 809 900 Deum
829 859 897 900 esse
916 849 947 902 et
960 839 1110 901 victoriam
1124 840 1257 902 credide-

167 944 246 1008 runt,
259 955 326 1015 qum
339 936 441 1016 utique
455 955 560 996 munus
575 947 631 1007 est,
646 955 706 996 non
719 945 870 1014 potestas:
895 935 1034 1008 donatur,
1048 955 1108 996 nou
1125 936 1257 998 domina·

166 1041 223 1104 tur,
238 1031 386 1111 legionum
400 1031 505 1110 gretie,
520 1051 581 1092 non
596 1031 769 1112 religionum
778 1033 922 1111 potentin.
952 1031 1066 1111 Magne
1078 1033 1168 1111 igitur
1180 1033 1256 1106 Des,

167 1145 265 1205 quem.
274 1127 399 1188 militum
419 1125 578 1188 multitudo
592 1127 647 1187 sibi
663 1125 808 1200 vindicat,
821 1128 868 1188 rel
882 1127 1049 1206 praeliorum
1064 1127 1157 1189 donat
1170 1145 1257 1188 even·

167 1222 240 1284 tusi

207 1339 342 1381 xxxin.
362 1319 461 1398 Hujus
471 1337 552 1380 aram
567 1319 639 1379 strui
653 1318 683 1378 in
695 1317 775 1380 urbis
789 1319 894 1378 Romoe
905 1318 996 1378 Curia
1008 1327 1122 1397 petunt,
1130 1317 1188 1378 hoc
1199 1328 1257 1404 est,

166 1433 225 1494 quo
243 1415 343 1494 plures
366 1413 545 1474 conveniunt
564 1413 736 1474 Christiani.
779 1414 924 1474 Omnibus
938 1413 968 1474 in
981 1413 1099 1493 templis
1113 1433 1185 1485 eras,
1204 1434 1257 1474 ern

165 1507 253 1572 etiam
268 1513 298 1574 in
313 1511 422 1591 templo
437 1511 642 1572 Victoriarum.
685 1509 834 1577 Quoniam
855 1529 978 1570 numero
999 1509 1194 1582 delectentur,
1208 1529 1257 1569 sa·

164 1605 272 1668 crificia
287 1626 342 1668 sua
354 1608 463 1686 ubique
474 1605 692 1668 concelebrant.
716 1604 798 1674 Quid
806 1615 853 1666 est
862 1606 919 1665 nisi
928 1605 1070 1667 insultare
1076 1605 1158 1680 fidei,
1168 1607 1255 1665 unius

164 1721 224 1763 aroe
238 1703 412 1764 sacrificium
431 1701 602 1765 vindicarel
642 1700 848 1762 Ferendumne
862 1700 953 1774 istud,
966 1711 1001 1761 nt
1014 1701 1131 1780 gentilis
1145 1701 1256 1762 sucrifi-

163 1807 226 1870 cet,
237 1809 268 1858 et
281 1799 465 1859 Christianus
480 1797 617 1859 intersit?
657 1797 813 1870 Haurient,
827 1796 934 1875 inquit,
954 1796 1093 1856 hauriant
1111 1797 1158 1856 vel
1172 1797 1256 1857 inriti

163 1896 276 1954 fumum
290 1895 395 1967 oculis,
414 1895 618 1976 symphoniam
641 1893 770 1966 auribus,
791 1893 919 1954 cinerem
936 1893 1083 1966 faucibus,
1095 1893 1166 1953 thus
1180 1894 1256 1954 nuri·

162 1991 230 2063 bus,
243 1999 275 2052 et
288 1991 506 2053 aversantium'
526 1991 595 2050 licet
608 2008 660 2051 ora
673 1991 804 2050 excitate
818 1989 893 2050 iocis
907 1989 1016 2048 nostris
1029 1988 1130 2050 serilla
1142 2007 1256 2068 resper-

163 2097 227 2166 get.
268 2087 336 2146 Non
350 2085 409 2146 illis
423 2087 496 2148 satis
518 2095 588 2146 sunt
600 2085 727 2158 lavacra,
742 2105 802 2146 non
820 2085 961 2165 porticus,
974 2103 1034 2144 non
1048 2084 1155 2165 pluteos
1168 2104 1257 2145 oocu-

162 2193 243 2262 petoe
258 2180 441 2272 simulacris?
482 2181 617 2244 Etiamne
630 2182 659 2240 in
673 2181 823 2241 communi
837 2179 888 2240 illo
900 2179 1025 2240 concilio
1039 2179 1163 2240 nouerit
1175 2199 1256 2240 com·

162 2279 261 2338 munis
279 2277 433 2339 condiunt
474 2277 683 2356 Obstringetur
706 2277 757 2356 pia
781 2277 908 2336 Senatus
930 2275 1026 2354 portio
1046 2276 1256 2336 obtestantium

163 2375 296 2447 vocibus,
318 2373 516 2454 adjurantium
536 2371 748 2434 Sacramentis.
789 2371 822 2430 Si
843 2371 961 2442 refutet,
974 2370 1119 2431 videbitur
1136 2371 1256 2431 menda·

162 2473 241 2532 cium
254 2471 388 2552 prodere,
403 2471 428 2532 si
443 2472 623 2551 acquiescat.
634 2468 820 2550 sectilegium
834 2468 978 2529 confiteri.

205 2587 331 2629 xxxiv.
354 2569 421 2641 Ubi,
436 2568 543 2649 inquit,
553 2568 584 2627 in
598 2567 680 2647 leges
692 2575 806 2626 restres
817 2573 849 2626 et
861 2565 950 2624 verbs
960 2562 1145 2642 jurabimus?
1171 2563 1256 2644 Ergo.

161 2683 247 2724 mens
260 2675 368 2736 restra,
379 2684 446 2743 quae
462 2663 578 2744 legibus
592 2671 708 2723 tenetur
720 2660 848 2733 inclusa,
858 2655 1035 2720 cerimoniis
1049 2659 1180 2737 gentium
1194 2659 1255 2718 sut'-
1295 2689 1336 2736 23.
1415 2670 1442 2709 ’,ι’
1468 2671 1477 2741 j

160 2761 290 2832 trogium
305 2760 426 2840 colligit,
440 2758 529 2820 iidem
543 2757 681 2838 stringitl
721 2757 739 2816 J
743 2777 790 2817 nm
803 2775 863 2816 non
880 2755 976 2816 solum
988 2753 1188 2834 presentium,
1201 2755 1255 2814 sed

161 2854 330 2916 absentium
343 2855 454 2923 etiamr
470 2864 511 2929 et,
530 2854 614 2934 quod
631 2865 678 2914 est
693 2854 832 2932 amplius,
847 2853 1052 2930 Imperetores,
1069 2850 1143 2912 fides
1157 2861 1256 2912 restra

160 2952 316 3032 pulsatur;
345 2971 398 3012 vos
420 2952 498 3012 enim
519 2950 638 3032 cogitis,
660 2952 685 3013 ri
704 2949 838 3032 jubetisl
880 2947 1091 3010 Constantius⁸
1118 2961 1255 3028 augurum

159 3163 251 3218 eodeni
262 3165 341 3218 fluvio
352 3169 479 3218 nonnullis
491 3167 580 3220 Ovidii
596 3183 626 3218 nc
641 3167 688 3219 Ju·
728 3167 792 3218 tinrn
809 3165 941 3216 serviebat
957 3162 1105 3228 erroribus:
1120 3167 1169 3215 &c
1202 3165 1255 3214 Ve-

160 3242 261 3292 renaiis
290 3243 431 3302 versiculis,
452 3245 522 3294 idern
551 3243 686 3310 adjungit:
728 3249 870 3292 rnmtunren
894 3241 965 3291 fucta
990 3240 1085 3304 saepius
1112 3239 1198 3288 edicte
1220 3239 1254 3288 de

160 3318 221 3369 ‘Ad
242 3320 315 3384 cujus
336 3321 526 3372 similitudinem
546 3336 605 3371 curn
627 3321 689 3373 alibi
726 3318 853 3381 pellendis
865 3331 897 3365 ex
914 3316 977 3365 nrhe
997 3314 1162 3380 religionibus
1179 3327 1253 3378 pere·

159 3409 235 3444 sacra
245 3393 320 3452 finnt,
331 3397 473 3460 proximum
485 3395 590 3446 fluuium
602 3394 688 3446 Almo·
726 3393 806 3458 prinis
815 3407 865 3441 non
878 3393 1033 3454 ignoremus.

159 3485 219 3522 nem
230 3486 288 3522 esse
299 3471 415 3535 ungriam
432 3472 557 3538 siqnidem
574 3485 627 3521 mor
639 3479 687 3536 est,
757 3477 771 3500 ²
786 3471 902 3518 Sumtnm
922 3474 963 3516 est
984 3482 1018 3516 en
1039 3465 1084 3516 illo
1106 3463 1253 3515 Herodoti:

159 3555 190 3599 nt
201 3563 258 3614 qun
271 3549 296 3599 in
311 3550 390 3599 sacris
403 3549 491 3599 heberi
509 3555 638 3614 nequeunt
653 3547 687 3606 si·
725 3543 923 3606 'ltrrneprolprwr
939 3542 965 3592 ti
981 3542 1020 3594 καὶ
1035 3543 1067 3607 τῇ
1080 3539 1179 3607 οὐρανίη
1194 3539 1256 3590 θύω

158 3623 308 3684 mulentur3
332 3625 401 3690 qnod
423 3625 531 3690 perinde
549 3624 687 3689 accipitur,
725 3616 1255 3685 raptrvawspurnastmsrst’npaatw

159 3715 191 3750 sc
208 3701 230 3749 si
247 3708 413 3751 remersent.
444 3699 630 3764 Virg.AEnei(l.
647 3713 686 3750 tr.
726 3695 838 3746 ranem
863 3693 889 3744 tl
906 3693 1023 3758 Ἀσσύριοι
1042 3693 1088 3752 τὴν
1107 3691 1255 3756 Ἀφροδίτην,

157 3775 315 3839 ‘Sparserat
326 3782 353 3825 et
363 3774 455 3825 letires
466 3774 597 3825 simulator
608 3773 687 3824 fontir
727 3770 844 3822 Μύλητα·
852 3768 955 3834 Ἀράβιοι
962 3767 997 3826 ti,
1007 3766 1112 3818 'mnu
1121 3766 1210 3832 Πέρσαι
1220 3765 1255 3830 tt,

159 3851 293 3906 Averni.”
326 3853 531 3904 Hoeannnhrs.
562 3853 645 3902 Porro
655 3851 688 3902 de
727 3847 827 3913 Μίτραν,
859 3845 1042 3896 ItnNsnnins.

160 3933 242 3982 seems
260 3931 415 3995 peregrinis,
430 3945 487 3994 quae
503 3929 593 3980 Romae
610 3929 688 3992 ndop·
760 3921 965 3973 'Amethcum
983 3923 1046 3971 Mss.
1063 3935 1114 3970 non
1130 3921 1218 3985 peucis
1229 3925 1253 3970 et

124 4005 133 4024 ⁸
161 4004 688 4068 tntatraditAmbrosius,elrgsnterquo·
727 3996 1072 4057 &sumministrationem
1090 3998 1253 4048 rehetuner·
1313 4009 1317 4014 ·

158 4099 209 4152 qne
220 4084 274 4134 Leo
285 4081 365 4132 Pont.
378 4081 451 4132 Rom.
461 4079 520 4131 Fer.
532 4094 552 4130 r.
563 4081 606 4129 De
619 4078 689 4144 Apo·
728 4075 841 4126 rontium.

157 4159 246 4210 stolis:
263 4159 346 4208 ‘Cum
362 4169 438 4220 paene
449 4153 582 4216 omnibns,'
595 4151 688 4219 inquit,
759 4159 771 4186 ¹
787 4150 852 4202 cod.
864 4149 946 4214 lnng.
957 4153 986 4198 et
995 4147 1061 4198 het.
1075 4149 1252 4201 enemim.

159 4236 355 4288 ‘dominaretur
365 4232 496 4300 gentibus,
504 4231 616 4282 omnium
628 4245 689 4293 gen·
727 4228 780 4280 Sed
802 4227 906 4278 omnino'
926 4224 1064 4292 tegendum
1090 4226 1253 4304 constantius.

1465 3535 1503 3699 ὲ
