3009 4909
231 366 297 431 686
579 378 741 427 unnnrro
765 376 980 425 sununorrr.

232 540 323 601 quum
338 531 396 593 est,
411 518 552 599 quicquid
574 537 676 577 omnes
697 516 810 590 colunt,
825 536 917 577 unum
936 517 1042 596 putari.
1083 511 1195 575 Eadem
1208 524 1328 593 spectu·

163 642 174 657 =
232 638 298 677 mus
316 628 406 688 astra,
421 634 577 675 commune
589 613 696 675 coelum
711 623 767 685 est,
780 612 859 673 idem
876 631 932 672 nos
945 611 1075 672 mundus
1088 610 1222 671 insolvit.
1243 610 1326 679 Quid

232 713 355 772 interest
367 730 426 789 qus
439 710 563 789 quisque
576 708 733 790 prudentie
746 728 847 769 rerum
860 706 1012 786 requirat?
1053 706 1121 767 lino
1141 708 1245 767 itinere
1263 724 1325 767 non

231 817 332 887 potest
344 807 486 886 perveniri
501 806 539 865 ad
553 818 612 865 tom
628 806 740 885 grande
755 816 917 873 secretumr
940 803 994 865 sed
1007 804 1075 864 brec
1086 805 1248 865 otiosorum
1262 805 1326 865 dis·

233 904 346 981 putatio
360 916 416 963 est.
459 902 548 961 Nunc
562 921 676 982 preces,
690 920 751 961 non
765 902 944 961 certamina·
956 900 1117 961 offerimus.

275 1018 325 1059 xr.
347 999 467 1065 Quanto
492 998 648 1059 commodo
669 998 746 1059 sacri
770 998 864 1057 cerarii
885 997 973 1056 vestri
993 996 1157 1056 Vestalium
1180 998 1326 1075 virginum

232 1095 428 1174 prerogativa
441 1094 576 1153 detracta
589 1094 655 1153 esti
696 1096 760 1153 Sub
772 1094 946 1173 largissimis
955 1094 1182 1172 imperatoribus
1195 1093 1333 1171 denega··

233 1205 290 1263 tur,
304 1190 384 1269 quod
400 1189 561 1268 parcissimi
575 1188 795 1269 praestiterunt?
837 1190 942 1251 Honor
965 1189 1047 1249 solus
1068 1199 1116 1248 est
1133 1189 1163 1247 in
1181 1189 1232 1249 ilio
1247 1190 1328 1249 reiut

232 1286 380 1364 stipendio
397 1286 553 1345 castitstis.
596 1286 636 1344 Ut
659 1286 741 1345 rittae
768 1304 867 1345 esrum
895 1284 986 1364 cepiti
1014 1284 1106 1344 decus
1133 1286 1258 1357 iaciunt,
1285 1286 1330 1345 ita

232 1382 346 1460 insigne
359 1381 486 1453 ducitur,
500 1381 634 1440 sacrificii
648 1400 753 1440 vacare
762 1381 957 1441 muneribus!
999 1379 1119 1440 Nudum
1133 1380 1328 1459 quodammo·
1351 1370 1356 1375 ⁴

233 1478 273 1537 do
286 1497 393 1537 nomen
408 1478 600 1537 immunitatis
614 1478 784 1556 requirunt;
798 1478 938 1555 quoniam
950 1486 1123 1556 paupertate
1138 1496 1157 1535 a
1169 1476 1327 1556 dispendio

235 1586 306 1635 tutse
320 1585 400 1635 sunt.
420 1644 424 1650 ¹
443 1575 545 1653 itaque
568 1572 693 1654 amplius
715 1572 796 1633 leudi
819 1592 919 1634 esrrrm
939 1574 1081 1645 tribuunt,
1094 1573 1145 1651 qui
1159 1572 1271 1653 aliquid
1286 1574 1329 1632 rei

234 1670 409 1737 detrabunt;
437 1670 581 1750 siquidem
594 1669 690 1729 saluti
704 1669 833 1748 publices
853 1669 952 1729 dicata
971 1668 1124 1748 virginitas
1145 1669 1252 1729 crescit
1264 1688 1329 1729 me·

234 1767 301 1838 rito,
315 1787 380 1826 cum
396 1778 478 1826 curet
489 1767 620 1845 praenrio.

276 1882 341 1921 xrr.
364 1864 472 1923 Absint
491 1864 528 1921 ab
550 1862 644 1922 ssrorii
665 1860 755 1921 vestri
774 1860 902 1940 puritate
921 1861 979 1920 ists
991 1860 1178 1941 compendia.
1222 1862 1329 1921 Fiscus

234 1960 375 2019 bonorum
396 1958 559 2037 principum
581 1977 640 2017 non
661 1957 847 2017 sacerdotum
862 1955 989 2028 damnis,
1015 1956 1067 2017 sed
1083 1956 1209 2017 bostium
1224 1958 1328 2036 spoliis

235 2065 387 2133 augeatur.
431 2053 569 2113 Ullumne
582 2052 695 2112 lucrum
711 2062 885 2130 compenset
898 2051 1029 2111 invidisti
1070 2052 1109 2111 Et
1122 2052 1192 2130 quia
1206 2056 1330 2113 avaritia

235 2152 264 2209 in
280 2170 376 2209 mores
394 2159 510 2209 vestros
529 2168 589 2207 non
615 2148 704 2219 cudit,
725 2148 782 2206 boc
802 2148 967 2207 miseriores
982 2157 1061 2221 sunt,
1074 2148 1181 2227 quibus
1195 2149 1330 2209 subsidio

234 2256 335 2305 vetere
348 2246 488 2323 decerpta
502 2253 581 2303 sunt.
624 2242 740 2302 Etenim
756 2244 812 2302 sub
829 2245 1067 2323 Imperatoribus‚
1078 2245 1128 2323 qui
1147 2243 1245 2305 alieno
1259 2247 1330 2305 ubs-

234 2345 339 2413 tinent,
365 2341 416 2419 qui
437 2341 578 2399 resistunt
597 2338 762 2417 cupiditati,
786 2339 826 2399 sd
856 2339 949 2401 solum
980 2338 1143 2399 detrahitur
1167 2341 1328 2402 amittentis

233 2437 378 2517 injuriam,
392 2435 473 2515 quod
488 2435 664 2495 desiderium
679 2454 738 2494 non
753 2449 851 2496 movet
865 2435 1036 2496 auferentis.

277 2552 359 2594 xrrr.
380 2533 478 2611 Agros
497 2532 585 2593 etiam
606 2530 767 2610 virginibus
788 2543 819 2591 et
832 2532 972 2591 ministris
986 2531 1203 2595 deficientiums
1222 2533 1330 2594 volun·

236 2642 295 2689 tate
322 2630 437 2708 legatos
465 2628 554 2687 fiscus
582 2636 719 2688 retentat.
762 2628 823 2687 Oro
848 2646 911 2700 ros,
931 2627 1056 2706 justitiae
1080 2628 1268 2701 Sacerdotes,
1295 2642 1331 2690 ut

235 2726 322 2785 Urbis
343 2735 449 2784 vestrm
473 2724 565 2783 sacris
586 2722 726 2784 reddetur
747 2724 863 2803 privata
889 2723 1048 2785 successio.
1092 2724 1215 2785 Dictent
1237 2736 1330 2786 testa·

235 2830 335 2880 mente
356 2820 462 2890 securi,
483 2830 514 2879 et
534 2821 630 2879 sciant
650 2821 705 2879 sub
726 2820 904 2900 principibus
925 2840 984 2880 non
1005 2821 1101 2879 avaris
1122 2822 1227 2881 stabile
1250 2842 1329 2894 esse,

235 2915 315 2996 quod
330 2916 509 2993 scripserint.
550 2914 687 2975 Delectet
704 2934 758 2975 ros
772 2915 830 2975 ista
844 2916 970 2976 ieiicites
984 2916 1100 2995 generis
1113 2915 1253 2978 humani:
1268 2938 1329 2977 coe-

235 3014 281 3091 pit
292 3030 392 3070 causus
406 3010 492 3089 bujus
506 3011 671 3089 exemplum
693 3012 841 3072 solicitore
862 3002 1029 3073 morientes.
1083 3012 1162 3091 Ergo
1184 3014 1330 3074 Romame

236 3107 390 3186 religiones
416 3106 472 3165 sub
494 3107 630 3166 Romana
648 3107 716 3186 jure
738 3126 797 3167 non
812 3106 984 3186 pertinenti
1024 3106 1113 3175 Quod
1128 3127 1235 3170 nomen
1251 3112 1329 3170 acci-

234 3205 296 3284 piet
310 3202 417 3262 ablatio
432 3201 615 3273 facultatum,
630 3188 705 3281 quas
721 3203 803 3263 nulia
818 3204 875 3273 lex,
885 3204 986 3262 nullus
997 3222 1085 3263 casus
1095 3204 1167 3263 iacit
1176 3206 1331 3265 caducus?

237 3300 368 3381 Cupiunt
378 3298 477 3376 legate
491 3298 596 3371 liberti,
620 3300 709 3359 serris
724 3310 966 3360 testamentorum
981 3298 1064 3379 justa
1077 3301 1249 3360 commoda'
1269 3322 1329 3360 non

237 3495 284 3543 pro
301 3482 431 3533 Heroibus
443 3484 468 3533 in
480 3485 550 3536 Deos
567 3486 665 3544 relatis,
682 3492 762 3552 etque
804 3500 854 3535 non
871 3486 969 3537 debent
979 3502 1073 3551 pugnes
1088 3487 1165 3536 ermis
1178 3470 1333 3545 commissis,

235 3556 305 3606 inter
314 3572 360 3607 eos
371 3559 525 3622 degentibus
535 3570 680 3612 sumuntur.
700 3561 762 3611 Vid.
804 3562 849 3611 sed
861 3564 1069 3613 concertationes
1075 3563 1135 3628 ilia,
1142 3578 1205 3629 qous
1211 3564 1330 3627 proxime

236 3628 300 3679 eiius
311 3646 412 3697 quoque
429 3634 540 3697 ejusdem
560 3636 763 3700 significationes
804 3647 864 3686 sote
875 3638 940 3688 dicit
949 3639 1098 3690 otiosorum.

237 3708 304 3769 apud
321 3709 436 3757 Vossiuru
452 3710 477 3757 in
494 3711 605 3774 Etymol.
622 3712 678 3763 Jos.
695 3714 763 3762 Lsu·
831 3722 847 3755 P
864 3713 937 3761 Rom.
952 3715 1017 3764 edit.
1035 3716 1091 3764 sols
1106 3717 1235 3766 mamni
1248 3731 1332 3765 eccm

237 3786 346 3831 rentium
358 3784 402 3833 lib.
413 3796 443 3835 ιι.
453 3785 553 3849 Polym.
564 3788 674 3838 Dissert.
684 3801 763 3837 xcix.
802 3791 944 3841 metibus.

236 3866 312 3923 utque
324 3860 397 3911 alios.
834 3876 846 3909 t
866 3867 1033 3931 Defieimtism
1046 3871 1149 3921 nomine
1165 3872 1223 3921 iilos
1238 3873 1330 3936 eppei·

268 3935 337 3983 tite
354 3944 407 3987 ret.
422 3936 485 3987 edit.
508 3951 538 3987 sc
557 3938 623 3987 Mss.
645 3939 764 4003 exceptis
802 3942 852 4003 ist,
873 3957 979 4007 quornm
1007 3945 1060 3993 vitu
1086 3947 1231 3996 senectutis
1257 3949 1331 3997 oncri

238 4012 339 4072 perrois,
351 4012 394 4061 ubi
413 4013 490 4062 etium
508 4014 606 4077 legitur
616 4029 676 4063 susc
690 4020 765 4065 certa·
803 4016 882 4077 cedit,
894 4031 957 4081 quos
968 4016 1226 4080 Ambrosiusdeseetss
1237 4035 1331 4071 vocure

237 4086 310 4135 minc.
329 4087 400 4137 Rom.
409 4096 493 4138 sutem
502 4090 566 4139 edit.
577 4104 618 4137 scs
627 4104 707 4153 preces
717 4105 765 4140 aon
803 4093 888 4154 solet;
907 4094 1017 4143 maxime
1034 4095 1103 4145 enim
1114 4096 1284 4160 obsignentur
1295 4098 1330 4147 ob

237 4160 374 4211 columina.
386 4161 439 4211 Per
445 4165 574 4213 certamine
584 4178 645 4214 sero
654 4164 765 4229 intelligi
804 4167 950 4231 hujusmodi
958 4175 1121 4220 testamenta.
